3182 4978
694 463 849 520 ...9-

247 615 369 669 tantum
389 601 526 683 singuli,
554 600 609 664 sed
632 609 706 662 totae
725 609 835 680 gentes
861 597 987 661 donatae
1013 609 1105 674 sunt,
1134 610 1169 664 et
1182 610 1278 676 tunc,

246 713 412 769 crescente
427 703 460 764 iu
471 702 538 765 dies
551 701 666 764 civium
679 717 833 774 numero,
847 698 888 761 ad
899 697 989 763 Jovis
1004 699 1157 781 templum
1170 717 1282 766 omnes

246 821 438 869 concurrere
465 820 529 866 nou
561 809 757 883 potuerunt,
776 817 875 882 quum
895 799 1062 864 intervallo
1088 800 1232 865 locorum
1251 811 1283 864 et
1329 875 1334 894 Ι

247 917 426 987 temporum
438 904 479 968 ab
494 904 572 968 urbe
584 901 734 984 disjuncti
750 911 868 966 essent.
887 900 996 980 Quum
1008 902 1104 983 igitur
1119 903 1279 979 delectus,

246 1021 306 1066 nec
334 1019 400 1066 uno
430 1013 562 1076 tenore,
591 1019 652 1064 nec
678 999 789 1066 Romae
814 999 1035 1064 tantummodo
1051 1000 1120 1064 fieri
1149 1013 1277 1083 posset,

245 1103 480 1184 conquisitores
495 1112 550 1165 aut
572 1101 756 1165 triumviros
772 1099 921 1164 consules
936 1117 995 1181 per
1010 1099 1133 1164 Italiam
1148 1111 1181 1165 et
1201 1120 1281 1184 pro-

245 1203 366 1266 vincias
380 1203 567 1279 mittebant,
587 1204 641 1285 qui
653 1203 795 1277 tirones,
814 1202 846 1264 iu
864 1211 1056 1266 conventum
1073 1213 1222 1280 vocatos,
1242 1205 1281 1268 ad

246 1314 480 1368 sacramentum
503 1301 695 1386 adigerent⁴.
735 1302 863 1384 Siquis
898 1312 1004 1366 autem
1035 1301 1197 1380 militiam,
1222 1305 1282 1367 nisi

246 1403 304 1468 sibi
313 1403 400 1486 justa
413 1407 534 1470 vacatio
549 1415 651 1479 esset,
665 1404 875 1479 detrectaret,
891 1421 989 1484 quum
1006 1402 1100 1484 «ipse
1110 1403 1169 1469 sibi
1188 1403 1285 1468 iiber-

245 1513 341 1566 tatem
369 1502 550 1584 abjudicare
576 1502 737 1566 videretur
751 1499 801 1577 ’,ι
826 1511 881 1564 ant
908 1499 1019 1582 popuii
1042 1499 1135 1581 jussu
1162 1501 1283 1566 vende-

246 1598 353 1675 batur,
382 1611 437 1663 aut
454 1601 626 1664 humanius
640 1600 758 1662 damno
774 1607 807 1661 et
821 1597 916 1676 virgis
940 1597 980 1662 ad
995 1597 1136 1662 dandum
1163 1615 1280 1663 nomen

246 1699 455 1764 coercebatur
467 1701 487 1763 ³.

289 1798 401 1878 Quum
419 1817 496 1864 vero
523 1801 555 1862 iu
578 1816 694 1880 magno
720 1799 905 1864 discrimine
928 1799 1120 1882 Respublica
1137 1815 1283 1864 versare-

244 1909 310 1975 tur,
333 1911 402 1963 tum
424 1901 580 1965 tumultus
602 1898 707 1975 erat⁸,
725 1910 758 1964 et
771 1899 1026 1982 conjurationem
1042 1900 1282 1965 evocationem-

246 1997 327 2077 que⁸
342 2010 469 2064 senatus
494 2000 663 2066 indicebat.
691 2001 760 2066 Hoc
776 2010 882 2066 autem
898 2001 1028 2065 nomine
1049 2000 1280 2080 nuncupabant

243 2098 567 2183 Romani-quoddam
596 2101 738 2166 delectus
767 2119 888 2182 genus,
918 2102 1007 2183 quod
1029 2102 1098 2164 sine
1113 2101 1279 2164 vacatione

243 2200 419 2267 habebatur
434 2203 454 2266 ⁶.
480 2204 572 2266 Tunc
600 2220 695 2265 namo
719 2203 862 2264 excusari
891 2219 951 2266 nec
974 2201 1086 2276 senio,
1117 2219 1177 2265 nec
1195 2200 1281 2266 vaie-

244 2299 353 2363 tudiue
382 2311 529 2382 poterat,
560 2310 592 2364 et
618 2301 677 2382 ipsi
706 2301 848 2366 veterani
880 2311 912 2366 et
938 2301 1062 2366 emeriti
1085 2301 1200 2386 (unde
1232 2302 1279 2366 rei

242 2415 359 2464 nomen
389 2404 489 2488 erat)
532 2400 774 2480 avocabantur3
819 2402 918 2468 libera
946 2403 1032 2467 enim
1060 2403 1092 2465 in
1127 2403 1276 2476 civitate,

242 2517 341 2580 quum
351 2520 511 2568 summum
523 2503 703 2581 periculum
719 2511 823 2576 esset,
840 2519 971 2578 omnes,
989 2510 1025 2564 ut
1040 2500 1132 2566 liberi
1148 2513 1275 2577 essent,

244 2597 340 2674 iilud,
356 2599 424 2662 sine
443 2600 506 2663 ulla
522 2600 771 2676 detrectatione,
796 2601 884 2664 adire
899 2600 1059 2666 debebant
1074 2602 1094 2664 ⁷.

286 2695 359 2762 Suis
375 2711 481 2764 autem
496 2700 616 2766 viribus
633 2719 699 2766 non
720 2702 942 2768 tantummodo
968 2702 1118 2768 utebatur
1140 2704 1279 2786 populus

240 2798 422 2878 Romanus,
437 2803 492 2867 sed
508 2813 543 2867 ut
558 2803 636 2868 socii
655 2803 862 2884 toederatique
879 2823 952 2868 curn
968 2804 1120 2884 periculis
1133 2805 1202 2886 ejus
1222 2824 1278 2870 sua

242 2903 516 2965 communicarent
528 2898 552 2977 ⁸,
584 2904 700 2968 auxilia
726 2904 853 2969 illorum
882 2902 1113 2980 arcessebant,
1138 2924 1210 2987 quae
1230 2906 1279 2970 le-

241 2999 352 3080 giones
369 3018 466 3083 opera
481 3011 513 3066 et
528 3001 637 3068 labore
652 3005 684 3066 iu
702 3003 785 3068 bella
802 3007 960 3086 jnvarent.
982 3007 1057 3072 Haec
1072 3019 1178 3072 autem
1192 3025 1278 3090 prae-

277 3202 286 3233 ⁴
307 3201 366 3256 Liv.
382 3203 462 3270 xxt,
475 3205 518 3258 11.
535 3203 590 3260 Cic.
606 3203 640 3260 de
653 3204 733 3260 Prou.
748 3206 856 3263 consul.
870 3210 896 3264 5.
911 3207 970 3264 Liv.
985 3208 1074 3278 XXV,
1089 3212 1116 3266 11.

277 3283 288 3314 ¹
307 3281 397 3353 ipsum
410 3283 463 3339 sibi
475 3283 626 3342 libertatem
640 3285 819 3358 abjudicassa.
834 3289 890 3345 Cic.
904 3304 954 3362 pro
966 3289 1065 3346 Caecin.
1080 3293 1124 3356 51.

241 3364 365 3518 et³seigliv.
376 3367 422 3433 tv,
436 3369 480 3423 55.
496 3368 552 3436 VH,
567 3371 593 3424 lt.
607 3369 719 3442 Dionys.
732 3371 790 3439 v11,
805 3373 847 3428 10.
862 3372 901 3428 Cf.
913 3373 1083 3442 heneaulus.
1095 3373 1168 3432 laud.
1183 3392 1211 3448 p.
1223 3378 1274 3432 551

276 3527 289 3560 ¹
306 3527 362 3582 Cic.
379 3530 476 3602 Philip.
489 3532 523 3600 V,
539 3535 581 3588 ro.
596 3533 636 3589 Ci.
650 3537 763 3604 bebaou,
777 3537 828 3593 loc.
842 3537 915 3593 laud.
929 3553 957 3609 p.
972 3539 1024 3594 558
1037 3544 1065 3594 et
1081 3554 1141 3611 seq.

276 3622 286 3653 ¹¹
306 3620 399 3678 Fiebat
413 3625 536 3680 evocatio
548 3643 631 3696 quum
644 3630 678 3684 ad
691 3631 801 3689 diversa
815 3633 873 3690 loca
893 3633 996 3690 diversi
1014 3640 1125 3706 propter
1143 3636 1278 3707 cogendos

239 3703 415 3762 mittebantur
437 3707 582 3764 exercitus.
603 3711 681 3768 Serv.
694 3744 730 3755 -
750 3716 781 3772 Je
799 3733 885 3788 penso
901 3733 955 3788 que
967 3733 999 3772 co
1021 3724 1124 3784 terme,
1139 3725 1275 3785 evocatio,

242 3787 315 3843 avait
327 3804 424 3845 encore
438 3789 492 3846 lieu
514 3791 640 3862 lorsque,
664 3793 732 3852 dans
752 3813 789 3852 un
815 3799 910 3856 besoin
925 3805 1069 3870 pressant,
1089 3814 1124 3854 ou
1146 3791 1278 3871 cappalar't

242 3882 276 3922 au
288 3873 394 3928 service
406 3873 445 3928 les
457 3873 584 3930 reterens
602 3875 649 3948 qui
663 3878 773 3934 avaient
786 3896 852 3947 recu
864 3881 923 3937 leur
935 3879 1031 3951 curiga.
1046 3882 1158 3948 uttan,
1173 3898 1201 3953 p.
1212 3885 1274 3940 511.

278 3957 288 3988 ⁶
307 3953 418 4020 Quintil.
432 3957 490 4026 Vll,
506 3961 533 4014 5.
553 3959 629 4016 Serv.
653 3961 682 4017 in
695 3963 755 4020 vtfl
767 3964 873 4022 AEneid.
888 3981 920 4022 v..
932 3966 957 4022 1.
977 3963 1041 4022 lsid.
1055 3963 1130 4037 Orig.
1145 3964 1163 4022 l.
1179 3966 1227 4024 tx.

277 4037 286 4068 ⁷
306 4036 362 4090 Cic.
387 4054 436 4107 pro
456 4041 555 4096 Caeoin.
579 4045 623 4102 511.

275 4118 289 4150 ὅ
305 4117 392 4173 Cicer.
415 4135 464 4189 pro
481 4122 571 4191 Balbo,
595 4130 620 4183 9.
