<?xml version="1.0" encoding="UTF-8"?>
<!DOCTYPE html PUBLIC "-//W3C//DTD XHTML 1.0 Transitional//EN"
    "http://www.w3.org/TR/xhtml1/DTD/xhtml1-transitional.dtd">
<html xmlns="http://www.w3.org/1999/xhtml" xml:lang="en" lang="en">
 <head>
  <title>
</title>
<meta http-equiv="Content-Type" content="text/html;charset=utf-8" />
  <meta name='ocr-system' content='tesseract 3.04.00' />
  <meta name='ocr-capabilities' content='ocr_page ocr_carea ocr_par ocr_line ocrx_word'/>
</head>
<body>
  <div class='ocr_page' id='page_1' title='image "./deromaniexercit00revigoog_0045.png"; bbox 0 0 3182 4978; ppageno 0'>
   <div class='ocr_carea' id='block_1_1' title="bbox 740 441 919 509">
    <p class='ocr_par' dir='ltr' id='par_1_1' title="bbox 740 441 919 509">
     <span class='ocr_line' id='line_1_1' title="bbox 740 441 919 509; baseline 0 -19"><span class='ocrx_word' id='word_1_1' title='bbox 740 441 919 509; x_wconf 73' lang='lat' dir='ltr'><strong>-lt-</strong></span> 
     </span>
    </p>
   </div>
   <div class='ocr_carea' id='block_1_2' title="bbox 319 575 1358 3260">
    <p class='ocr_par' dir='ltr' id='par_1_2' title="bbox 319 575 1358 1868">
     <span class='ocr_line' id='line_1_2' title="bbox 362 575 1347 660; baseline -0.005 -15"><span class='ocrx_word' id='word_1_2' title='bbox 362 579 483 645; x_wconf 88' lang='lat' dir='ltr'><strong>Omnes</strong></span> <span class='ocrx_word' id='word_1_3' title='bbox 497 579 582 643; x_wconf 89' lang='lat' dir='ltr'><strong>enim</strong></span> <span class='ocrx_word' id='word_1_4' title='bbox 601 578 756 660; x_wconf 83' lang='lat' dir='ltr'><strong>eJ&#39;usmodi</strong></span> <span class='ocrx_word' id='word_1_5' title='bbox 777 579 922 642; x_wconf 88' lang='lat' dir='ltr'><strong>homines</strong></span> <span class='ocrx_word' id='word_1_6' title='bbox 934 576 1056 657; x_wconf 91' lang='lat' dir='ltr'><strong>indigni</strong></span> <span class='ocrx_word' id='word_1_7' title='bbox 1072 586 1165 640; x_wconf 87' lang='lat' dir='ltr'><strong>erant</strong></span> <span class='ocrx_word' id='word_1_8' title='bbox 1178 576 1233 657; x_wconf 91' lang='lat' dir='ltr'><strong>qui</strong></span> <span class='ocrx_word' id='word_1_9' title='bbox 1250 575 1347 657; x_wconf 85' lang='lat' dir='ltr'><strong>legio-</strong></span> 
     </span>
     <span class='ocr_line' id='line_1_3' title="bbox 319 676 1350 746; baseline -0.002 -4"><span class='ocrx_word' id='word_1_10' title='bbox 319 679 415 745; x_wconf 81' lang='lat' dir='ltr'>nibus</span> <span class='ocrx_word' id='word_1_11' title='bbox 432 691 466 746; x_wconf 90' lang='lat' dir='ltr'><strong>et</strong></span> <span class='ocrx_word' id='word_1_12' title='bbox 478 679 602 745; x_wconf 82' lang='lat' dir='ltr'><strong>auxiliis</strong></span> <span class='ocrx_word' id='word_1_13' title='bbox 614 689 911 744; x_wconf 81' lang='lat' dir='ltr'><strong>annumerarentur.</strong></span> <span class='ocrx_word' id='word_1_14' title='bbox 932 677 981 741; x_wconf 88' lang='lat' dir='ltr'><strong>llll</strong></span> <span class='ocrx_word' id='word_1_15' title='bbox 996 695 1073 742; x_wconf 86' lang='lat' dir='ltr'><strong>vcro</strong></span> <span class='ocrx_word' id='word_1_16' title='bbox 1088 676 1131 741; x_wconf 89' lang='lat' dir='ltr'><strong>ob</strong></span> <span class='ocrx_word' id='word_1_17' title='bbox 1147 695 1205 740; x_wconf 90' lang='lat' dir='ltr'><strong>sua</strong></span> <span class='ocrx_word' id='word_1_18' title='bbox 1218 695 1350 741; x_wconf 88' lang='lat' dir='ltr'><strong>munera</strong></span> 
     </span>
     <span class='ocr_line' id='line_1_4' title="bbox 319 777 1351 859; baseline -0.002 -15"><span class='ocrx_word' id='word_1_19' title='bbox 319 791 352 844; x_wconf 88' lang='lat' dir='ltr'><strong>et</strong></span> <span class='ocrx_word' id='word_1_20' title='bbox 375 781 480 846; x_wconf 86' lang='lat' dir='ltr'><strong>officia</strong></span> <span class='ocrx_word' id='word_1_21' title='bbox 495 780 651 846; x_wconf 83' lang='lat' dir='ltr'><strong>inhabiles</strong></span> <span class='ocrx_word' id='word_1_22' title='bbox 665 791 773 856; x_wconf 87' lang='lat' dir='ltr'><strong>erant,</strong></span> <span class='ocrx_word' id='word_1_23' title='bbox 803 779 925 843; x_wconf 82' lang='lat' dir='ltr'><strong>scilicet</strong></span> <span class='ocrx_word' id='word_1_24' title='bbox 948 779 981 841; x_wconf 93' lang='lat' dir='ltr'><strong>in</strong></span> <span class='ocrx_word' id='word_1_25' title='bbox 1007 795 1099 842; x_wconf 91' lang='lat' dir='ltr'><strong>sacro</strong></span> <span class='ocrx_word' id='word_1_26' title='bbox 1125 777 1245 859; x_wconf 90' lang='lat' dir='ltr'><strong>palatio</strong></span> <span class='ocrx_word' id='word_1_27' title='bbox 1267 779 1351 842; x_wconf 85' lang='lat' dir='ltr'><strong>mili·</strong></span> 
     </span>
     <span class='ocr_line' id='line_1_5' title="bbox 321 874 1351 962; baseline -0.004 -16"><span class='ocrx_word' id='word_1_28' title='bbox 321 891 438 960; x_wconf 85' lang='lat' dir='ltr'><strong>tontes,</strong></span> <span class='ocrx_word' id='word_1_29' title='bbox 468 881 622 958; x_wconf 88' lang='lat' dir='ltr'><strong>curiales,</strong></span> <span class='ocrx_word' id='word_1_30' title='bbox 642 881 762 946; x_wconf 50' lang='lat' dir='ltr'><strong>scribae*</strong></span> <span class='ocrx_word' id='word_1_31' title='bbox 783 891 817 944; x_wconf 91' lang='lat' dir='ltr'><strong>et</strong></span> <span class='ocrx_word' id='word_1_32' title='bbox 831 880 1034 962; x_wconf 86' lang='lat' dir='ltr'><strong>logograpbae</strong></span> <span class='ocrx_word' id='word_1_33' title='bbox 1057 879 1220 943; x_wconf 87' lang='lat' dir='ltr'><strong>civitatum</strong></span> <span class='ocrx_word' id='word_1_34' title='bbox 1237 874 1258 941; x_wconf 83' lang='lat'><strong>¹.</strong></span> <span class='ocrx_word' id='word_1_35' title='bbox 1287 877 1351 943; x_wconf 91' lang='lat' dir='ltr'><strong>Nec</strong></span> 
     </span>
     <span class='ocr_line' id='line_1_6' title="bbox 319 979 1348 1058; baseline -0.004 -11"><span class='ocrx_word' id='word_1_36' title='bbox 319 983 416 1047; x_wconf 87' lang='lat' dir='ltr'><strong>tironi</strong></span> <span class='ocrx_word' id='word_1_37' title='bbox 433 993 489 1047; x_wconf 85' lang='lat' dir='ltr'><strong>aut</strong></span> <span class='ocrx_word' id='word_1_38' title='bbox 503 983 635 1050; x_wconf 88' lang='lat' dir='ltr'><strong>domino</strong></span> <span class='ocrx_word' id='word_1_39' title='bbox 647 982 849 1058; x_wconf 87' lang='lat' dir='ltr'><strong>credebatur,</strong></span> <span class='ocrx_word' id='word_1_40' title='bbox 864 1009 876 1042; x_wconf 75' lang='grc' dir='ltr'>ι</span> <span class='ocrx_word' id='word_1_41' title='bbox 896 982 956 1044; x_wconf 87' lang='lat' dir='ltr'><strong>nisi</strong></span> <span class='ocrx_word' id='word_1_42' title='bbox 974 981 1270 1045; x_wconf 86' lang='lat' dir='ltr'><strong>honestissimorum</strong></span> <span class='ocrx_word' id='word_1_43' title='bbox 1285 979 1348 1043; x_wconf 92' lang='lat' dir='ltr'><strong>bo-</strong></span> 
     </span>
     <span class='ocr_line' id='line_1_7' title="bbox 319 1080 1349 1164; baseline -0.004 -18"><span class='ocrx_word' id='word_1_44' title='bbox 319 1083 441 1146; x_wconf 90' lang='lat' dir='ltr'><strong>minum</strong></span> <span class='ocrx_word' id='word_1_45' title='bbox 457 1084 641 1148; x_wconf 86' lang='lat' dir='ltr'><strong>testimonio</strong></span> <span class='ocrx_word' id='word_1_46' title='bbox 651 1082 863 1164; x_wconf 80' lang='lat' dir='ltr'><strong>adstipulante</strong></span> <span class='ocrx_word' id='word_1_47' title='bbox 874 1088 895 1145; x_wconf 87' lang='lat'><strong>¹.</strong></span> <span class='ocrx_word' id='word_1_48' title='bbox 917 1081 1078 1146; x_wconf 76' lang='lat' dir='ltr'><strong>»Probata</strong></span> <span class='ocrx_word' id='word_1_49' title='bbox 1091 1091 1197 1146; x_wconf 88' lang='lat' dir='ltr'><strong>autem</strong></span> <span class='ocrx_word' id='word_1_50' title='bbox 1213 1080 1349 1161; x_wconf 90' lang='lat' dir='ltr'><strong>origine,</strong></span> 
     </span>
     <span class='ocr_line' id='line_1_8' title="bbox 319 1181 1351 1263; baseline -0.003 -17"><span class='ocrx_word' id='word_1_51' title='bbox 319 1183 359 1246; x_wconf 91' lang='lat' dir='ltr'><strong>de</strong></span> <span class='ocrx_word' id='word_1_52' title='bbox 377 1192 469 1246; x_wconf 75' lang='lat' dir='ltr'><strong>aetate</strong></span> <span class='ocrx_word' id='word_1_53' title='bbox 486 1194 518 1246; x_wconf 88' lang='lat' dir='ltr'><strong>et</strong></span> <span class='ocrx_word' id='word_1_54' title='bbox 541 1193 660 1248; x_wconf 91' lang='lat' dir='ltr'><strong>statura</strong></span> <span class='ocrx_word' id='word_1_55' title='bbox 682 1202 815 1248; x_wconf 84' lang='lat' dir='ltr'><strong>examen</strong></span> <span class='ocrx_word' id='word_1_56' title='bbox 839 1181 1027 1247; x_wconf 86' lang='lat' dir='ltr'><strong>habebatur.</strong></span> <span class='ocrx_word' id='word_1_57' title='bbox 1053 1181 1351 1263; x_wconf 81' lang='lat' dir='ltr'><strong>Eligebanturvero</strong></span> 
     </span>
     <span class='ocr_line' id='line_1_9' title="bbox 319 1281 1351 1362; baseline -0.003 -18"><span class='ocrx_word' id='word_1_58' title='bbox 319 1281 361 1346; x_wconf 88' lang='lat' dir='ltr'><strong>ab</strong></span> <span class='ocrx_word' id='word_1_59' title='bbox 371 1300 457 1348; x_wconf 89' lang='lat' dir='ltr'><strong>anno</strong></span> <span class='ocrx_word' id='word_1_60' title='bbox 469 1301 556 1348; x_wconf 92' lang='lat' dir='ltr'><strong>nono</strong></span> <span class='ocrx_word' id='word_1_61' title='bbox 568 1295 600 1348; x_wconf 91' lang='lat' dir='ltr'><strong>et</strong></span> <span class='ocrx_word' id='word_1_62' title='bbox 611 1284 735 1349; x_wconf 89' lang='lat' dir='ltr'><strong>decimo</strong></span> <span class='ocrx_word' id='word_1_63' title='bbox 744 1294 768 1361; x_wconf 81' lang='lat'><strong>⁸,</strong></span> <span class='ocrx_word' id='word_1_64' title='bbox 780 1295 910 1350; x_wconf 72' lang='lat' dir='ltr'><strong>staturae</strong></span> <span class='ocrx_word' id='word_1_65' title='bbox 920 1293 1027 1347; x_wconf 86' lang='lat' dir='ltr'><strong>sutem</strong></span> <span class='ocrx_word' id='word_1_66' title='bbox 1037 1301 1198 1348; x_wconf 79' lang='lat' dir='ltr'><strong>cacomma</strong></span> <span class='ocrx_word' id='word_1_67' title='bbox 1208 1282 1351 1362; x_wconf 86' lang='lat' dir='ltr'><strong>quinque</strong></span> 
     </span>
     <span class='ocr_line' id='line_1_10' title="bbox 319 1381 1351 1467; baseline -0.005 -20"><span class='ocrx_word' id='word_1_68' title='bbox 319 1384 418 1465; x_wconf 87' lang='lat' dir='ltr'><strong>pedes</strong></span> <span class='ocrx_word' id='word_1_69' title='bbox 441 1395 474 1448; x_wconf 90' lang='lat' dir='ltr'><strong>et</strong></span> <span class='ocrx_word' id='word_1_70' title='bbox 504 1395 625 1467; x_wconf 88' lang='lat' dir='ltr'><strong>septem</strong></span> <span class='ocrx_word' id='word_1_71' title='bbox 649 1387 761 1452; x_wconf 87' lang='lat' dir='ltr'><strong>uncias</strong></span> <span class='ocrx_word' id='word_1_72' title='bbox 787 1387 935 1461; x_wconf 87' lang='lat' dir='ltr'><strong>usuales,</strong></span> <span class='ocrx_word' id='word_1_73' title='bbox 958 1394 994 1448; x_wconf 89' lang='lat' dir='ltr'><strong>ut</strong></span> <span class='ocrx_word' id='word_1_74' title='bbox 1018 1383 1120 1447; x_wconf 87' lang='lat' dir='ltr'><strong>sancit</strong></span> <span class='ocrx_word' id='word_1_75' title='bbox 1138 1381 1246 1446; x_wconf 79' lang='lat' dir='ltr'><strong>Codex</strong></span> <span class='ocrx_word' id='word_1_76' title='bbox 1262 1383 1286 1456; x_wconf 77' lang='lat'><strong>⁶,</strong></span> <span class='ocrx_word' id='word_1_77' title='bbox 1302 1381 1351 1443; x_wconf 83' lang='lat' dir='ltr'><strong>rel</strong></span> 
     </span>
     <span class='ocr_line' id='line_1_11' title="bbox 319 1480 1352 1568; baseline -0.005 -20"><span class='ocrx_word' id='word_1_78' title='bbox 319 1501 414 1550; x_wconf 89' lang='lat' dir='ltr'><strong>senos</strong></span> <span class='ocrx_word' id='word_1_79' title='bbox 436 1485 551 1566; x_wconf 87' lang='lat' dir='ltr'><strong>pedes,</strong></span> <span class='ocrx_word' id='word_1_80' title='bbox 577 1497 613 1549; x_wconf 90' lang='lat' dir='ltr'><strong>nt</strong></span> <span class='ocrx_word' id='word_1_81' title='bbox 635 1488 732 1551; x_wconf 81' lang='lat' dir='ltr'><strong>refert</strong></span> <span class='ocrx_word' id='word_1_82' title='bbox 748 1485 932 1568; x_wconf 81' lang='lat' dir='ltr'><strong>Vegetius⁸,</strong></span> <span class='ocrx_word' id='word_1_83' title='bbox 951 1483 1097 1548; x_wconf 80' lang='lat' dir='ltr'><strong>habebat</strong></span> <span class='ocrx_word' id='word_1_84' title='bbox 1125 1481 1188 1548; x_wconf 88' lang='lat' dir='ltr'><strong>Sed</strong></span> <span class='ocrx_word' id='word_1_85' title='bbox 1203 1481 1289 1562; x_wconf 89' lang='lat' dir='ltr'><strong>leges</strong></span> <span class='ocrx_word' id='word_1_86' title='bbox 1311 1480 1352 1544; x_wconf 93' lang='lat' dir='ltr'><strong>de</strong></span> 
     </span>
     <span class='ocr_line' id='line_1_12' title="bbox 319 1582 1358 1669; baseline -0.002 -23"><span class='ocrx_word' id='word_1_87' title='bbox 319 1584 512 1665; x_wconf 89' lang='lat' dir='ltr'><strong>proceritate</strong></span> <span class='ocrx_word' id='word_1_88' title='bbox 537 1596 569 1650; x_wconf 90' lang='lat' dir='ltr'><strong>et</strong></span> <span class='ocrx_word' id='word_1_89' title='bbox 598 1597 691 1652; x_wconf 83' lang='lat' dir='ltr'><strong>aetate</strong></span> <span class='ocrx_word' id='word_1_90' title='bbox 707 1587 895 1669; x_wconf 88' lang='lat' dir='ltr'><strong>plerumque</strong></span> <span class='ocrx_word' id='word_1_91' title='bbox 913 1603 979 1650; x_wconf 91' lang='lat' dir='ltr'><strong>non</strong></span> <span class='ocrx_word' id='word_1_92' title='bbox 998 1582 1269 1657; x_wconf 82' lang='lat' dir='ltr'><strong>observabantnr3</strong></span> <span class='ocrx_word' id='word_1_93' title='bbox 1291 1607 1304 1642; x_wconf 81' lang='grc' dir='ltr'>ι</span> <span class='ocrx_word' id='word_1_94' title='bbox 1324 1584 1358 1644; x_wconf 90' lang='lat' dir='ltr'><strong>si·</strong></span> 
     </span>
     <span class='ocr_line' id='line_1_13' title="bbox 320 1687 1353 1770; baseline -0.003 -21"><span class='ocrx_word' id='word_1_95' title='bbox 320 1687 492 1751; x_wconf 85' lang='lat' dir='ltr'><strong>necessitas</strong></span> <span class='ocrx_word' id='word_1_96' title='bbox 515 1689 709 1770; x_wconf 74' lang='lat' dir='ltr'><strong>exegerit,s</strong></span> <span class='ocrx_word' id='word_1_97' title='bbox 734 1689 779 1752; x_wconf 86' lang='lat' dir='ltr'><strong>ait</strong></span> <span class='ocrx_word' id='word_1_98' title='bbox 803 1687 969 1770; x_wconf 74' lang='lat' dir='ltr'><strong>vegetius,</strong></span> <span class='ocrx_word' id='word_1_99' title='bbox 1006 1703 1108 1750; x_wconf 81' lang='lat' dir='ltr'><strong>«non</strong></span> <span class='ocrx_word' id='word_1_100' title='bbox 1132 1695 1196 1749; x_wconf 76' lang='lat' dir='ltr'><strong>mm</strong></span> <span class='ocrx_word' id='word_1_101' title='bbox 1222 1694 1353 1747; x_wconf 76' lang='lat' dir='ltr'><strong>staturae</strong></span> 
     </span>
     <span class='ocr_line' id='line_1_14' title="bbox 319 1779 1110 1868; baseline -0.003 -24"><span class='ocrx_word' id='word_1_102' title='bbox 319 1783 476 1848; x_wconf 82' lang='lat' dir='ltr'><strong>rationem</strong></span> <span class='ocrx_word' id='word_1_103' title='bbox 493 1786 643 1850; x_wconf 85' lang='lat' dir='ltr'><strong>convenit</strong></span> <span class='ocrx_word' id='word_1_104' title='bbox 657 1785 798 1862; x_wconf 85' lang='lat' dir='ltr'><strong>babere,</strong></span> <span class='ocrx_word' id='word_1_105' title='bbox 814 1804 909 1868; x_wconf 88' lang='lat' dir='ltr'><strong>quam</strong></span> <span class='ocrx_word' id='word_1_106' title='bbox 924 1783 1039 1847; x_wconf 83' lang='lat' dir='ltr'><strong>virium</strong></span> <span class='ocrx_word' id='word_1_107' title='bbox 1051 1779 1072 1846; x_wconf 79' lang='lat'><strong>⁶.</strong></span> <span class='ocrx_word' id='word_1_108' title='bbox 1096 1809 1110 1842; x_wconf 77' lang='grc' dir='ltr'>ι</span> 
     </span>
    </p>

    <p class='ocr_par' dir='ltr' id='par_1_3' title="bbox 319 1883 1351 2464">
     <span class='ocr_line' id='line_1_15' title="bbox 364 1883 1351 1967; baseline 0 -21"><span class='ocrx_word' id='word_1_109' title='bbox 364 1883 487 1948; x_wconf 88' lang='lat' dir='ltr'><strong>Deinde</strong></span> <span class='ocrx_word' id='word_1_110' title='bbox 503 1885 700 1950; x_wconf 85' lang='lat' dir='ltr'><strong>accedebant</strong></span> <span class='ocrx_word' id='word_1_111' title='bbox 723 1886 868 1967; x_wconf 86' lang='lat' dir='ltr'><strong>quaedam</strong></span> <span class='ocrx_word' id='word_1_112' title='bbox 884 1885 956 1950; x_wconf 82' lang='lat' dir='ltr'><strong>aliae</strong></span> <span class='ocrx_word' id='word_1_113' title='bbox 976 1884 1179 1950; x_wconf 87' lang='lat' dir='ltr'><strong>conditiones</strong></span> <span class='ocrx_word' id='word_1_114' title='bbox 1193 1932 1202 1959; x_wconf 93' lang='lat'><strong>,</strong></span> <span class='ocrx_word' id='word_1_115' title='bbox 1216 1883 1257 1947; x_wconf 86' lang='lat' dir='ltr'><strong>ab</strong></span> <span class='ocrx_word' id='word_1_116' title='bbox 1279 1901 1351 1948; x_wconf 87' lang='lat' dir='ltr'><strong>auc·</strong></span> 
     </span>
     <span class='ocr_line' id='line_1_16' title="bbox 319 1981 1350 2068; baseline 0.002 -24"><span class='ocrx_word' id='word_1_117' title='bbox 319 1981 444 2048; x_wconf 87' lang='lat' dir='ltr'><strong>toribus</strong></span> <span class='ocrx_word' id='word_1_118' title='bbox 461 1994 493 2048; x_wconf 89' lang='lat' dir='ltr'><strong>et</strong></span> <span class='ocrx_word' id='word_1_119' title='bbox 510 1984 722 2051; x_wconf 86' lang='lat' dir='ltr'><strong>assertoribus</strong></span> <span class='ocrx_word' id='word_1_120' title='bbox 735 1986 819 2068; x_wconf 79' lang='lat' dir='ltr'><strong>Juris</strong></span> <span class='ocrx_word' id='word_1_121' title='bbox 840 1986 985 2050; x_wconf 84' lang='lat' dir='ltr'><strong>militaris</strong></span> <span class='ocrx_word' id='word_1_122' title='bbox 1000 1985 1241 2066; x_wconf 78' lang='lat' dir='ltr'><strong>diligentissime</strong></span> <span class='ocrx_word' id='word_1_123' title='bbox 1253 2001 1350 2066; x_wconf 75' lang='lat' dir='ltr'><strong>praes·</strong></span> 
     </span>
     <span class='ocr_line' id='line_1_17' title="bbox 320 2084 1346 2170; baseline 0 -24"><span class='ocrx_word' id='word_1_124' title='bbox 320 2084 431 2165; x_wconf 84' lang='lat' dir='ltr'><strong>criptae</strong></span> <span class='ocrx_word' id='word_1_125' title='bbox 454 2085 703 2167; x_wconf 90' lang='lat' dir='ltr'><strong>probatoribus,</strong></span> <span class='ocrx_word' id='word_1_126' title='bbox 722 2106 802 2170; x_wconf 85' lang='lat' dir='ltr'><strong>quas</strong></span> <span class='ocrx_word' id='word_1_127' title='bbox 818 2085 968 2168; x_wconf 87' lang='lat' dir='ltr'><strong>Vegetius</strong></span> <span class='ocrx_word' id='word_1_128' title='bbox 992 2087 1025 2150; x_wconf 93' lang='lat' dir='ltr'><strong>in</strong></span> <span class='ocrx_word' id='word_1_129' title='bbox 1051 2085 1134 2150; x_wconf 93' lang='lat' dir='ltr'><strong>libro</strong></span> <span class='ocrx_word' id='word_1_130' title='bbox 1160 2085 1266 2167; x_wconf 89' lang='lat' dir='ltr'><strong>primo</strong></span> <span class='ocrx_word' id='word_1_131' title='bbox 1293 2103 1346 2147; x_wconf 87' lang='lat' dir='ltr'><strong>ac-</strong></span> 
     </span>
     <span class='ocr_line' id='line_1_18' title="bbox 320 2183 1346 2270; baseline 0 -25"><span class='ocrx_word' id='word_1_132' title='bbox 320 2195 430 2248; x_wconf 85' lang='lat' dir='ltr'><strong>curate</strong></span> <span class='ocrx_word' id='word_1_133' title='bbox 445 2187 577 2267; x_wconf 86' lang='lat' dir='ltr'><strong>exponit</strong></span> <span class='ocrx_word' id='word_1_134' title='bbox 596 2192 616 2251; x_wconf 83' lang='lat'><strong>&#39;.</strong></span> <span class='ocrx_word' id='word_1_135' title='bbox 647 2186 729 2264; x_wconf 87' lang='lat' dir='ltr'><strong>Sed,</strong></span> <span class='ocrx_word' id='word_1_136' title='bbox 756 2188 901 2270; x_wconf 89' lang='lat' dir='ltr'><strong>quamvis</strong></span> <span class='ocrx_word' id='word_1_137' title='bbox 917 2186 1021 2268; x_wconf 85' lang='lat' dir='ltr'><strong>magni</strong></span> <span class='ocrx_word' id='word_1_138' title='bbox 1042 2186 1196 2250; x_wconf 89' lang='lat' dir='ltr'><strong>momenti</strong></span> <span class='ocrx_word' id='word_1_139' title='bbox 1221 2183 1346 2255; x_wconf 86' lang='lat' dir='ltr'><strong>essent,</strong></span> 
     </span>
     <span class='ocr_line' id='line_1_19' title="bbox 321 2283 1347 2368; baseline 0.002 -23"><span class='ocrx_word' id='word_1_140' title='bbox 321 2283 493 2362; x_wconf 72' lang='lat' dir='ltr'><strong>sepissime</strong></span> <span class='ocrx_word' id='word_1_141' title='bbox 511 2286 764 2366; x_wconf 77' lang='lat' dir='ltr'><strong>negligebantur,</strong></span> <span class='ocrx_word' id='word_1_142' title='bbox 777 2298 810 2350; x_wconf 88' lang='lat' dir='ltr'><strong>et</strong></span> <span class='ocrx_word' id='word_1_143' title='bbox 824 2287 1014 2368; x_wconf 88' lang='lat' dir='ltr'><strong>probatores</strong></span> <span class='ocrx_word' id='word_1_144' title='bbox 1033 2314 1045 2346; x_wconf 81' lang='lat' dir='ltr'><strong>t</strong></span> <span class='ocrx_word' id='word_1_145' title='bbox 1060 2286 1192 2352; x_wconf 89' lang='lat' dir='ltr'><strong>militem</strong></span> <span class='ocrx_word' id='word_1_146' title='bbox 1207 2283 1347 2348; x_wconf 90' lang='lat' dir='ltr'><strong>incurio-</strong></span> 
     </span>
     <span class='ocr_line' id='line_1_20' title="bbox 322 2381 614 2464; baseline 0 -19"><span class='ocrx_word' id='word_1_147' title='bbox 322 2382 388 2448; x_wconf 90' lang='lat' dir='ltr'><strong>sius</strong></span> <span class='ocrx_word' id='word_1_148' title='bbox 402 2381 550 2464; x_wconf 90' lang='lat' dir='ltr'><strong>legebaut</strong></span> <span class='ocrx_word' id='word_1_149' title='bbox 561 2385 580 2447; x_wconf 80' lang='lat'><strong>⁸.</strong></span> <span class='ocrx_word' id='word_1_150' title='bbox 602 2412 614 2445; x_wconf 73' lang='grc' dir='ltr'>ι</span> 
     </span>
    </p>

    <p class='ocr_par' dir='ltr' id='par_1_4' title="bbox 321 2481 1351 2770">
     <span class='ocr_line' id='line_1_21' title="bbox 364 2481 1350 2567; baseline -0.007 -19"><span class='ocrx_word' id='word_1_151' title='bbox 364 2481 428 2548; x_wconf 83' lang='lat' dir='ltr'><strong>Sed</strong></span> <span class='ocrx_word' id='word_1_152' title='bbox 443 2495 517 2566; x_wconf 90' lang='lat' dir='ltr'><strong>post</strong></span> <span class='ocrx_word' id='word_1_153' title='bbox 528 2485 751 2567; x_wconf 84' lang='lat' dir='ltr'><strong>probationem</strong></span> <span class='ocrx_word' id='word_1_154' title='bbox 768 2503 870 2555; x_wconf 89' lang='lat' dir='ltr'><strong>novus</strong></span> <span class='ocrx_word' id='word_1_155' title='bbox 893 2488 984 2552; x_wconf 87' lang='lat' dir='ltr'><strong>miles</strong></span> <span class='ocrx_word' id='word_1_156' title='bbox 1003 2513 1015 2550; x_wconf 75' lang='grc' dir='ltr'>ι</span> <span class='ocrx_word' id='word_1_157' title='bbox 1035 2484 1185 2553; x_wconf 84' lang='lat' dir='ltr'><strong>exercitio</strong></span> <span class='ocrx_word' id='word_1_158' title='bbox 1207 2489 1350 2562; x_wconf 80' lang='lat' dir='ltr'><strong>praeten-</strong></span> 
     </span>
     <span class='ocr_line' id='line_1_22' title="bbox 321 2585 1351 2667; baseline -0.003 -21"><span class='ocrx_word' id='word_1_159' title='bbox 321 2611 334 2645; x_wconf 69' lang='grc' dir='ltr'><strong><em>ι</em></strong></span> <span class='ocrx_word' id='word_1_160' title='bbox 349 2585 465 2648; x_wconf 91' lang='lat' dir='ltr'><strong>tandus</strong></span> <span class='ocrx_word' id='word_1_161' title='bbox 474 2597 558 2664; x_wconf 89' lang='lat' dir='ltr'><strong>erat,</strong></span> <span class='ocrx_word' id='word_1_162' title='bbox 570 2597 607 2653; x_wconf 91' lang='lat' dir='ltr'><strong>ut</strong></span> <span class='ocrx_word' id='word_1_163' title='bbox 615 2597 722 2652; x_wconf 91' lang='lat' dir='ltr'><strong>utrum</strong></span> <span class='ocrx_word' id='word_1_164' title='bbox 736 2605 809 2652; x_wconf 90' lang='lat' dir='ltr'><strong>vere</strong></span> <span class='ocrx_word' id='word_1_165' title='bbox 821 2597 910 2651; x_wconf 86' lang='lat' dir='ltr'><strong>tanto</strong></span> <span class='ocrx_word' id='word_1_166' title='bbox 925 2589 1014 2667; x_wconf 92' lang='lat' dir='ltr'><strong>operi</strong></span> <span class='ocrx_word' id='word_1_167' title='bbox 1024 2598 1116 2667; x_wconf 90' lang='lat' dir='ltr'><strong>aptus</strong></span> <span class='ocrx_word' id='word_1_168' title='bbox 1129 2593 1228 2658; x_wconf 87' lang='lat' dir='ltr'><strong>esset,</strong></span> <span class='ocrx_word' id='word_1_169' title='bbox 1243 2589 1351 2663; x_wconf 89' lang='lat' dir='ltr'><strong>posset</strong></span> 
     </span>
     <span class='ocr_line' id='line_1_23' title="bbox 324 2681 1348 2770; baseline -0.011 -20"><span class='ocrx_word' id='word_1_170' title='bbox 324 2715 338 2750; x_wconf 75' lang='grc' dir='ltr'><strong><em>ι</em></strong></span> <span class='ocrx_word' id='word_1_171' title='bbox 351 2688 514 2768; x_wconf 90' lang='lat' dir='ltr'><strong>cognosci,</strong></span> <span class='ocrx_word' id='word_1_172' title='bbox 527 2713 539 2748; x_wconf 78' lang='grc' dir='ltr'>ι</span> <span class='ocrx_word' id='word_1_173' title='bbox 558 2699 591 2752; x_wconf 91' lang='lat' dir='ltr'><strong>et</strong></span> <span class='ocrx_word' id='word_1_174' title='bbox 602 2697 711 2770; x_wconf 86' lang='lat' dir='ltr'><strong>postea</strong></span> <span class='ocrx_word' id='word_1_175' title='bbox 722 2713 734 2747; x_wconf 83' lang='grc' dir='ltr'>ι</span> <span class='ocrx_word' id='word_1_176' title='bbox 744 2686 871 2770; x_wconf 88' lang='lat' dir='ltr'><strong>punctis</strong></span> <span class='ocrx_word' id='word_1_177' title='bbox 883 2686 1046 2764; x_wconf 85' lang='lat' dir='ltr'><strong>signorum</strong></span> <span class='ocrx_word' id='word_1_178' title='bbox 1059 2681 1348 2744; x_wconf 69' lang='lat' dir='ltr'><strong>inscribebatur⁹.s</strong></span> 
     </span>
    </p>

    <p class='ocr_par' dir='ltr' id='par_1_5' title="bbox 320 2778 1355 3260">
     <span class='ocr_line' id='line_1_24' title="bbox 365 2778 1352 2861; baseline -0.013 -10"><span class='ocrx_word' id='word_1_179' title='bbox 365 2787 412 2851; x_wconf 91' lang='lat' dir='ltr'><strong>lta</strong></span> <span class='ocrx_word' id='word_1_180' title='bbox 429 2807 463 2854; x_wconf 91' lang='lat' dir='ltr'><strong>se</strong></span> <span class='ocrx_word' id='word_1_181' title='bbox 477 2789 615 2854; x_wconf 89' lang='lat' dir='ltr'><strong>babebat</strong></span> <span class='ocrx_word' id='word_1_182' title='bbox 629 2789 757 2854; x_wconf 89' lang='lat' dir='ltr'><strong>collatio</strong></span> <span class='ocrx_word' id='word_1_183' title='bbox 769 2789 930 2861; x_wconf 90' lang='lat' dir='ltr'><strong>tironum,</strong></span> <span class='ocrx_word' id='word_1_184' title='bbox 948 2793 981 2848; x_wconf 87' lang='lat' dir='ltr'><strong>et</strong></span> <span class='ocrx_word' id='word_1_185' title='bbox 995 2782 1028 2844; x_wconf 94' lang='lat' dir='ltr'><strong>in</strong></span> <span class='ocrx_word' id='word_1_186' title='bbox 1045 2798 1082 2843; x_wconf 90' lang='lat' dir='ltr'><strong>ea</strong></span> <span class='ocrx_word' id='word_1_187' title='bbox 1095 2778 1258 2860; x_wconf 85' lang='lat' dir='ltr'><strong>praecipue</strong></span> <span class='ocrx_word' id='word_1_188' title='bbox 1273 2794 1352 2840; x_wconf 91' lang='lat' dir='ltr'><strong>cou-</strong></span> 
     </span>
     <span class='ocr_line' id='line_1_25' title="bbox 321 2877 1355 2966; baseline -0.017 -11"><span class='ocrx_word' id='word_1_189' title='bbox 321 2892 443 2956; x_wconf 88' lang='lat' dir='ltr'><strong>tinetur</strong></span> <span class='ocrx_word' id='word_1_190' title='bbox 452 2891 642 2956; x_wconf 87' lang='lat' dir='ltr'><strong>Diocletiani</strong></span> <span class='ocrx_word' id='word_1_191' title='bbox 652 2901 684 2956; x_wconf 90' lang='lat' dir='ltr'><strong>et</strong></span> <span class='ocrx_word' id='word_1_192' title='bbox 695 2886 896 2956; x_wconf 81' lang='lat' dir='ltr'><strong>Constantini</strong></span> <span class='ocrx_word' id='word_1_193' title='bbox 909 2901 1000 2966; x_wconf 89' lang='lat' dir='ltr'><strong>opus.</strong></span> <span class='ocrx_word' id='word_1_194' title='bbox 1016 2877 1233 2947; x_wconf 83' lang='lat' dir='ltr'><strong>Caeteraenim</strong></span> <span class='ocrx_word' id='word_1_195' title='bbox 1244 2877 1355 2960; x_wconf 82' lang='lat' dir='ltr'><strong>priora</strong></span> 
     </span>
     <span class='ocr_line' id='line_1_26' title="bbox 321 2987 1355 3074; baseline -0.018 -17"><span class='ocrx_word' id='word_1_196' title='bbox 321 3003 397 3057; x_wconf 89' lang='lat' dir='ltr'><strong>sunt</strong></span> <span class='ocrx_word' id='word_1_197' title='bbox 416 2991 575 3069; x_wconf 88' lang='lat' dir='ltr'><strong>instituta,</strong></span> <span class='ocrx_word' id='word_1_198' title='bbox 589 3011 660 3074; x_wconf 83' lang='lat' dir='ltr'><strong>quae</strong></span> <span class='ocrx_word' id='word_1_199' title='bbox 667 2990 832 3073; x_wconf 88' lang='lat' dir='ltr'><strong>Principes</strong></span> <span class='ocrx_word' id='word_1_200' title='bbox 844 2987 895 3051; x_wconf 90' lang='lat' dir='ltr'><strong>isti</strong></span> <span class='ocrx_word' id='word_1_201' title='bbox 912 2996 944 3052; x_wconf 90' lang='lat' dir='ltr'><strong>et</strong></span> <span class='ocrx_word' id='word_1_202' title='bbox 955 2997 1155 3049; x_wconf 83' lang='lat' dir='ltr'><strong>successores</strong></span> <span class='ocrx_word' id='word_1_203' title='bbox 1168 2996 1280 3043; x_wconf 90' lang='lat' dir='ltr'><strong>eorum</strong></span> <span class='ocrx_word' id='word_1_204' title='bbox 1296 2993 1355 3040; x_wconf 86' lang='lat' dir='ltr'><strong>or-</strong></span> 
     </span>
     <span class='ocr_line' id='line_1_27' title="bbox 320 3077 1352 3174; baseline -0.017 -18"><span class='ocrx_word' id='word_1_205' title='bbox 320 3093 396 3156; x_wconf 92' lang='lat' dir='ltr'><strong>dine</strong></span> <span class='ocrx_word' id='word_1_206' title='bbox 427 3094 649 3158; x_wconf 87' lang='lat' dir='ltr'><strong>tantummodo</strong></span> <span class='ocrx_word' id='word_1_207' title='bbox 673 3094 908 3174; x_wconf 73' lang='lat' dir='ltr'><strong>disposuerunt„</strong></span> <span class='ocrx_word' id='word_1_208' title='bbox 946 3086 983 3150; x_wconf 93' lang='lat' dir='ltr'><strong>ln</strong></span> <span class='ocrx_word' id='word_1_209' title='bbox 1008 3101 1048 3150; x_wconf 90' lang='lat' dir='ltr'><strong>eo</strong></span> <span class='ocrx_word' id='word_1_210' title='bbox 1074 3092 1180 3147; x_wconf 87' lang='lat' dir='ltr'><strong>antem</strong></span> <span class='ocrx_word' id='word_1_211' title='bbox 1211 3077 1352 3142; x_wconf 89' lang='lat' dir='ltr'><strong>delectus</strong></span> 
     </span>
     <span class='ocr_line' id='line_1_28' title="bbox 321 3175 1353 3260; baseline -0.017 -3"><span class='ocrx_word' id='word_1_212' title='bbox 321 3193 418 3259; x_wconf 87' lang='lat' dir='ltr'><strong>modo</strong></span> <span class='ocrx_word' id='word_1_213' title='bbox 436 3193 543 3258; x_wconf 86' lang='lat' dir='ltr'><strong>locum</strong></span> <span class='ocrx_word' id='word_1_214' title='bbox 562 3211 628 3259; x_wconf 94' lang='lat' dir='ltr'><strong>non</strong></span> <span class='ocrx_word' id='word_1_215' title='bbox 649 3193 795 3258; x_wconf 91' lang='lat' dir='ltr'><strong>obtinere</strong></span> <span class='ocrx_word' id='word_1_216' title='bbox 806 3192 955 3256; x_wconf 89' lang='lat' dir='ltr'><strong>videntur</strong></span> <span class='ocrx_word' id='word_1_217' title='bbox 973 3185 1101 3254; x_wconf 92' lang='lat' dir='ltr'><strong>urbium</strong></span> <span class='ocrx_word' id='word_1_218' title='bbox 1120 3180 1253 3257; x_wconf 82' lang='lat' dir='ltr'><strong>incolae,</strong></span> <span class='ocrx_word' id='word_1_219' title='bbox 1268 3175 1353 3260; x_wconf 90' lang='lat' dir='ltr'><strong>quod</strong></span> 
     </span>
    </p>
   </div>
   <div class='ocr_carea' id='block_1_3' title="bbox 358 3426 901 3658">
    <p class='ocr_par' dir='ltr' id='par_1_6' title="bbox 358 3426 901 3658">
     <span class='ocr_line' id='line_1_29' title="bbox 358 3426 901 3499; baseline -0.006 -15"><span class='ocrx_word' id='word_1_220' title='bbox 358 3431 368 3462; x_wconf 79' lang='lat'>⁴</span> <span class='ocrx_word' id='word_1_221' title='bbox 383 3429 424 3485; x_wconf 90' lang='lat' dir='ltr'><strong>lb.</strong></span> <span class='ocrx_word' id='word_1_222' title='bbox 435 3427 483 3485; x_wconf 91' lang='lat' dir='ltr'><strong>lib.</strong></span> <span class='ocrx_word' id='word_1_223' title='bbox 496 3428 572 3498; x_wconf 87' lang='lat' dir='ltr'><strong>Vlll,</strong></span> <span class='ocrx_word' id='word_1_224' title='bbox 584 3430 624 3484; x_wconf 88' lang='lat' dir='ltr'><strong>tit.</strong></span> <span class='ocrx_word' id='word_1_225' title='bbox 636 3428 678 3497; x_wconf 90' lang='lat'><strong>11,</strong></span> <span class='ocrx_word' id='word_1_226' title='bbox 691 3428 709 3483; x_wconf 94' lang='lat' dir='ltr'><strong>l.</strong></span> <span class='ocrx_word' id='word_1_227' title='bbox 723 3429 741 3486; x_wconf 72' lang='grc' dir='ltr'>ὅ</span> <span class='ocrx_word' id='word_1_228' title='bbox 753 3433 780 3484; x_wconf 88' lang='lat' dir='ltr'><strong>et</strong></span> <span class='ocrx_word' id='word_1_229' title='bbox 790 3426 901 3499; x_wconf 87' lang='lat' dir='ltr'><strong>passim.</strong></span> 
     </span>
     <span class='ocr_line' id='line_1_30' title="bbox 360 3510 738 3580; baseline -0.011 -12"><span class='ocrx_word' id='word_1_230' title='bbox 360 3512 423 3568; x_wconf 66' lang='grc' dir='ltr'><strong>ἰὴ.</strong></span> <span class='ocrx_word' id='word_1_231' title='bbox 437 3511 486 3569; x_wconf 78' lang='lat' dir='ltr'><strong>tio.</strong></span> <span class='ocrx_word' id='word_1_232' title='bbox 496 3512 558 3580; x_wconf 83' lang='lat' dir='ltr'><strong>vri,</strong></span> <span class='ocrx_word' id='word_1_233' title='bbox 571 3512 611 3567; x_wconf 79' lang='lat' dir='ltr'><strong>uc.</strong></span> <span class='ocrx_word' id='word_1_234' title='bbox 626 3515 666 3578; x_wconf 87' lang='lat' dir='ltr'><strong>u,</strong></span> <span class='ocrx_word' id='word_1_235' title='bbox 679 3510 698 3565; x_wconf 87' lang='lat' dir='ltr'><strong>l.</strong></span> <span class='ocrx_word' id='word_1_236' title='bbox 713 3513 738 3565; x_wconf 83' lang='lat' dir='ltr'><strong>r.</strong></span> 
     </span>
     <span class='ocr_line' id='line_1_31' title="bbox 360 3589 842 3658; baseline -0.006 -11"><span class='ocrx_word' id='word_1_237' title='bbox 360 3592 447 3649; x_wconf 72' lang='lat' dir='ltr'><strong>⁸coa.</strong></span> <span class='ocrx_word' id='word_1_238' title='bbox 461 3593 512 3647; x_wconf 79' lang='lat' dir='ltr'><strong>rh.</strong></span> <span class='ocrx_word' id='word_1_239' title='bbox 526 3592 544 3646; x_wconf 86' lang='lat' dir='ltr'><strong>l.</strong></span> <span class='ocrx_word' id='word_1_240' title='bbox 559 3593 619 3658; x_wconf 83' lang='lat' dir='ltr'><strong>vri,</strong></span> <span class='ocrx_word' id='word_1_241' title='bbox 634 3591 674 3646; x_wconf 76' lang='lat' dir='ltr'><strong>ut.</strong></span> <span class='ocrx_word' id='word_1_242' title='bbox 688 3589 842 3658; x_wconf 80' lang='lat' dir='ltr'><strong>x111,1.s.</strong></span> 
     </span>
    </p>
   </div>
   <div class='ocr_carea' id='block_1_4' title="bbox 310 3673 925 4158">
    <p class='ocr_par' dir='ltr' id='par_1_7' title="bbox 310 3673 925 4158">
     <span class='ocr_line' id='line_1_32' title="bbox 360 3673 687 3730; baseline -0.015 1"><span class='ocrx_word' id='word_1_243' title='bbox 360 3673 563 3730; x_wconf 67' lang='lat' dir='ltr'><strong>“Valentinian</strong></span> <span class='ocrx_word' id='word_1_244' title='bbox 576 3673 614 3728; x_wconf 93' lang='lat' dir='ltr'><strong>ib.</strong></span> <span class='ocrx_word' id='word_1_245' title='bbox 628 3673 646 3727; x_wconf 93' lang='lat' dir='ltr'><strong>l.</strong></span> <span class='ocrx_word' id='word_1_246' title='bbox 661 3673 687 3726; x_wconf 81' lang='lat'><strong>5.</strong></span> 
     </span>
     <span class='ocr_line' id='line_1_33' title="bbox 362 3757 601 3829; baseline -0.013 -15"><span class='ocrx_word' id='word_1_247' title='bbox 362 3757 480 3829; x_wconf 72' lang='lat' dir='ltr'><strong>⁸Veget.</strong></span> <span class='ocrx_word' id='word_1_248' title='bbox 499 3772 560 3827; x_wconf 89' lang='lat' dir='ltr'><strong>cap.</strong></span> <span class='ocrx_word' id='word_1_249' title='bbox 574 3757 601 3812; x_wconf 82' lang='lat' dir='ltr'><strong>b.</strong></span> 
     </span>
     <span class='ocr_line' id='line_1_34' title="bbox 310 3837 841 3908; baseline -0.006 -12"><span class='ocrx_word' id='word_1_250' title='bbox 310 3840 315 3851; x_wconf 86' lang='grc'><em>“</em></span> <span class='ocrx_word' id='word_1_251' title='bbox 360 3843 371 3874; x_wconf 77' lang='lat'>⁶</span> <span class='ocrx_word' id='word_1_252' title='bbox 388 3839 443 3908; x_wconf 91' lang='lat' dir='ltr'><strong>lb.;</strong></span> <span class='ocrx_word' id='word_1_253' title='bbox 453 3839 494 3896; x_wconf 87' lang='lat' dir='ltr'><strong>Gl.</strong></span> <span class='ocrx_word' id='word_1_254' title='bbox 508 3840 624 3904; x_wconf 74' lang='lat' dir='ltr'><strong>debean,</strong></span> <span class='ocrx_word' id='word_1_255' title='bbox 637 3838 690 3893; x_wconf 76' lang='lat' dir='ltr'><strong>Xl⁰</strong></span> <span class='ocrx_word' id='word_1_256' title='bbox 703 3837 841 3893; x_wconf 76' lang='lat' dir='ltr'><strong>memoire.</strong></span> 
     </span>
     <span class='ocr_line' id='line_1_35' title="bbox 349 3923 614 4000; baseline -0.011 -21"><span class='ocrx_word' id='word_1_257' title='bbox 349 3926 372 4000; x_wconf 31' lang='lat'><strong>¹⁷</strong></span> <span class='ocrx_word' id='word_1_258' title='bbox 387 3923 453 3993; x_wconf 85' lang='lat' dir='ltr'><strong>Gap.</strong></span> <span class='ocrx_word' id='word_1_259' title='bbox 465 3923 493 3991; x_wconf 71' lang='lat' dir='ltr'><strong>b,</strong></span> <span class='ocrx_word' id='word_1_260' title='bbox 507 3924 534 3986; x_wconf 77' lang='lat'><strong>5,</strong></span> <span class='ocrx_word' id='word_1_261' title='bbox 547 3923 574 3986; x_wconf 84' lang='lat'><strong>6,</strong></span> <span class='ocrx_word' id='word_1_262' title='bbox 588 3924 614 3977; x_wconf 88' lang='grc'><strong>7.</strong></span> 
     </span>
     <span class='ocr_line' id='line_1_36' title="bbox 361 4004 490 4075; baseline -0.016 -15"><span class='ocrx_word' id='word_1_263' title='bbox 361 4004 449 4075; x_wconf 82' lang='lat' dir='ltr'><strong>⁸Cap.</strong></span> <span class='ocrx_word' id='word_1_264' title='bbox 463 4006 490 4059; x_wconf 86' lang='grc'><strong>7.</strong></span> 
     </span>
     <span class='ocr_line' id='line_1_37' title="bbox 361 4083 925 4158; baseline -0.02 -14"><span class='ocrx_word' id='word_1_265' title='bbox 361 4087 451 4158; x_wconf 80' lang='lat' dir='ltr'><strong>⁹Gap.</strong></span> <span class='ocrx_word' id='word_1_266' title='bbox 465 4086 492 4142; x_wconf 89' lang='lat'><strong>8.</strong></span> <span class='ocrx_word' id='word_1_267' title='bbox 506 4084 564 4139; x_wconf 75' lang='lat' dir='ltr'><strong>Act.</strong></span> <span class='ocrx_word' id='word_1_268' title='bbox 581 4083 651 4138; x_wconf 85' lang='lat' dir='ltr'><strong>Med.</strong></span> <span class='ocrx_word' id='word_1_269' title='bbox 663 4083 710 4138; x_wconf 88' lang='lat' dir='ltr'><strong>lib.</strong></span> <span class='ocrx_word' id='word_1_270' title='bbox 725 4084 791 4151; x_wconf 86' lang='lat' dir='ltr'><strong>Vll,</strong></span> <span class='ocrx_word' id='word_1_271' title='bbox 807 4097 867 4152; x_wconf 88' lang='lat' dir='ltr'><strong>cap.</strong></span> <span class='ocrx_word' id='word_1_272' title='bbox 884 4084 925 4138; x_wconf 73' lang='lat' dir='ltr'><strong>la.</strong></span> 
     </span>
    </p>
   </div>
   <div class='ocr_carea' id='block_1_5' title="bbox 0 0 1603 4978">
    <p class='ocr_par' dir='ltr' id='par_1_8' title="bbox 0 0 1603 4978">
     <span class='ocr_line' id='line_1_38' title="bbox 0 0 1603 4978; baseline 0 0"><span class='ocrx_word' id='word_1_273' title='bbox 0 0 1603 4978; x_wconf 95' lang='lat' dir='ltr'><strong> </strong></span> 
     </span>
    </p>
   </div>
  </div>
 </body>
</html>
