3182 4978
693 1242 806 1344 rins
844 1240 1001 1343 ruini.
1069 1177 1071 1184 ’

367 1887 372 1898 ,
412 1833 491 1902 QUIS
509 1834 631 1896 FUElllT
649 1834 823 1894 DELECTUS
841 1835 935 1892 ANTE
952 1835 1130 1894 torruerat
1150 1834 1302 1893 PUGNAll.

390 2519 498 2597 Quum
511 2519 634 2600 legibus
656 2531 688 2584 et
704 2519 850 2588 libertate
861 2522 961 2589 Rorna
978 2524 1114 2604 vigeret,
1143 2523 1227 2588 cives
1245 2538 1376 2587 ornnes.

346 2619 468 2682 aerariis
488 2619 661 2698 exeeptis⁴,
672 2618 712 2680 ad
732 2619 889 2681 delectum
911 2621 1118 2696 vocabantur,
1129 2634 1161 2684 et
1177 2624 1208 2684 in
1219 2623 1379 2702 legionum

348 2719 490 2783 numeris
506 2717 791 2800 componebantur.
808 2719 878 2785 Hoc
894 2719 1127 2784 eratexercitus
1138 2719 1281 2784 roboret
1294 2721 1380 2783 urbis

348 2838 458 2886 murus
469 2819 493 2897 ¹,
519 2819 568 2884 vel
595 2819 702 2902 potius
730 2831 850 2885 armata
876 2821 1018 2884 civitas³.
1054 2819 1113 2885 Die
1136 2820 1221 2886 enirn
1237 2821 1379 2896 indicta,

347 2920 495 2990 eonsules
509 2921 544 2988 in
555 2918 747 3000 Capitolium
761 2939 823 2986 una
840 2940 912 2991 curn
929 2922 1053 2987 idoneis
1066 2921 1189 2990 civibus
1206 2923 1382 2987 convenie-

347 3020 441 3098 bant,
458 3030 490 3085 et
503 3038 562 3102 per
576 3019 713 3084 sedecim
726 3020 890 3100 tribunos,
909 3043 990 3106 qnos
1006 3033 1098 3086 antea
1119 3022 1379 3102 designaverant,

348 3123 489 3187 delectus
520 3121 696 3187 habebatur
704 3133 724 3187 ¹.
768 3123 830 3188 Sed
861 3137 1068 3208 posteaquam
1094 3123 1283 3206 Respublica
1312 3123 1381 3187 lor-

348 3234 458 3287 tunam
490 3242 579 3288 suam
615 3224 838 3305 amplificavit,
864 3224 939 3305 jure
966 3225 1125 3300 civitatis,
1151 3242 1216 3288 non
1240 3223 1380 3286 extranei

385 3426 395 3458 ⁸
416 3425 522 3482 Sallust.
548 3425 673 3498 lugurth.
699 3426 743 3481 56.

385 3509 397 3539 ²
414 3507 492 3562 Unde
504 3509 577 3563 onim
591 3507 662 3578 apud
676 3507 801 3576 antiquos
822 3522 917 3562 murus
934 3505 1076 3561 dicabatur
1090 3504 1223 3576 pedestris
1237 3502 1380 3560 exereitus.

351 3589 447 3660 Vogel.
463 3589 484 3655 l,
506 3590 552 3645 20.
572 3604 655 3656 τεῖχος
675 3604 721 3659 op.
737 3588 859 3644 Graecos.
881 3589 960 3644 Dion.
975 3588 1083 3659 Fragm.
1100 3585 1191 3658 Eolog.
1215 3585 1262 3640 ult.
1281 3581 1381 3638 Ursini.

352 3670 391 3726 ci.
404 3671 517 3740 beleun,
532 3672 573 3726 1⁸²
585 3670 713 3727 llemoire
725 3685 772 3726 sur
785 3669 809 3725 la
822 3670 874 3742 leg.
892 3671 968 3728 Torn.
980 3687 1044 3726 xav.
1062 3669 1143 3726 Mem.
1158 3667 1242 3724 baad.
1256 3663 1380 3736 Inscript.

386 3765 646 3823 ⁵Armatam-faeiat
668 3765 817 3824 civitatem.
845 3767 944 3838 leget..
964 3767 997 3834 ll,
1022 3767 1064 3820 25.

387 3851 397 3881 ⁸
416 3849 511 3920 Polyb.
525 3849 612 3921 Reliq.
626 3850 673 3905 lib.
687 3850 734 3918 Vl,
749 3851 792 3918 lu,
807 3852 851 3908 20.
867 3849 996 3906 Consules
1014 3845 1116 3900 militiae
1129 3859 1264 3900 summum
1274 3845 1318 3915 jus
1329 3843 1385 3900 ha·

352 3927 443 3982 bento.
465 3929 521 3983 Cio.
536 3928 570 3984 de
593 3929 674 3999 legib.
689 3930 734 3997 lll,
748 3931 775 3984 b.
798 3929 838 3984 Cf.
853 3931 974 3992 Lebeau,
989 3926 1029 3979 X⁸
1041 3923 1169 3980 blbmoire
1186 3940 1233 3980 sur
1246 3924 1272 3980 la
1283 3925 1381 3996 legion.

351 4009 391 4064 Do
413 4008 438 4063 la
460 4010 580 4066 manibre
592 4010 657 4068 dont
669 4026 703 4066 oo
715 4011 799 4067 levain
822 4009 861 4064 les
873 4007 973 4077 soldats
992 4023 1059 4079 pour
1076 4021 1216 4078 composer
1237 4007 1264 4063 la
1283 4007 1382 4080 logion.

352 4092 433 4150 lonis
445 4091 564 4148 XXXll‘.
