3182 4978
235 600 439 650 successores
450 580 576 662 longius
586 586 824 661 precesserunt,
834 586 866 642 et
877 575 1016 643 tironum
1028 573 1189 656 praebitio,
1197 591 1269 654 quat

236 686 327 767 prins
348 700 464 748 munna
485 681 648 764 mannate
668 678 799 752 iuerat,
817 702 830 736 ι
849 676 882 760 iq
900 673 1127 758 patrimonium
1150 672 1270 738 viribus

235 784 393 850 collocata
407 782 467 846 init
486 799 531 843 »a
547 777 698 855 Valente,
714 787 747 842 et
760 779 917 844 solarium
933 775 1066 858 vectigal
1081 776 1164 842 iacta
1182 783 1230 840 est
1244 778 1264 838 ’.

282 885 373 960 Ηιιιιι
385 893 491 948 autem
503 880 786 946 commutationem
802 877 998 944 induxerunt
1009 880 1172 945 colonatus
1185 875 1269 956 leges

233 995 267 1048 et
280 987 348 1050 iere
369 984 592 1056 universorum
610 980 832 1064 Agricolarum
852 979 1019 1044 conditio:
1042 997 1082 1042 ex
1103 995 1167 1060 quo
1183 977 1269 1041 enirn

205 1091 209 1102 '
233 1085 355 1152 Rustici
373 1103 439 1150 non
458 1083 601 1164 suijuris
616 1082 671 1146 sed
683 1081 800 1158 alieni,
814 1077 1053 1164 utrsanbntet
1070 1080 1179 1144 reniti
1193 1053 1267 1141 iacti

234 1196 339 1261 crant,
349 1185 489 1250 dominis
505 1202 616 1250 eorum
626 1180 994 1258 damnumiuierebatur,
1005 1180 1268 1262 quotiescumque

163 1327 165 1332 ,
234 1287 275 1349 ad
295 1295 529 1350 sacramentum
552 1283 743 1348 etmiiitiam
760 1281 977 1364 adigebantur.
1006 1282 1157 1348 Discessu
1181 1279 1267 1344 enirn

234 1385 331 1450 unius
347 1386 453 1450 coloni
467 1383 672 1450 minuebatur
693 1383 783 1448 fundi
798 1383 956 1464 pretium,
974 1393 1125 1464 tanquam
1141 1379 1267 1456 mulus,

233 1503 353 1567 equus,
370 1497 535 1561 aratrum,
554 1485 603 1549 vel
626 1483 761 1568 quodvis
780 1484 937 1548 rusticum
954 1483 1200 1547 instrumentum
1228 1480 1268 1544 de

236 1585 361 1667 praedio
375 1586 554 1650 detractum
566 1585 686 1648 fnisset.
704 1585 775 1649 Non
785 1585 880 1666 igitur
890 1602 951 1666 pro
962 1593 1051 1666 parte
1061 1582 1160 1657 virili,
1174 1592 1209 1646 ut
1222 1581 1266 1648 ita

231 1686 361 1761 dicam,
379 1702 499 1750 nomen
525 1683 647 1748 militiae
661 1683 758 1748 dabat
777 1684 937 1760 censitus,
955 1684 1012 1748 sed
1032 1683 1105 1746 loco
1122 1681 1233 1746 tributi
1249 1699 1267 1744 a

231 1799 417 1864 possessore
440 1781 692 1866 Imperatoribos
717 1781 957 1857 conferebatur,
975 1800 1035 1846 nec
1057 1779 1157 1848 ulium
1184 1780 1267 1843 inter

231 1902 305 1948 curn
321 1893 353 1947 et
368 1892 482 1946 caetera
500 1881 665 1964 vectigalia
690 1881 862 1948 discrimen
887 1893 974 1958 erat,
995 1883 1056 1946 nisi
1083 1881 1171 1964 quod
1200 1897 1265 1944 non

231 1978 380 2042 aerarium
395 1987 451 2040 aut
461 1976 576 2042 borrea
601 1977 749 2060 publica,
765 1980 820 2044 sed
837 1979 926 2044 vivus
940 1991 973 2044 et
992 1980 1149 2044 animatus
1163 1987 1266 2044 castra

230 2085 264 2140 et
278 2072 413 2138 rnilitum
429 2073 558 2140 ordines
573 2073 765 2158 complebat

273 2173 316 2240 At
331 2193 428 2250 vero,
446 2177 590 2256 quamvis
604 2175 643 2238 de
663 2194 811 2256 personae
826 2173 1013 2240 muneribus
1037 2173 1166 2244 collatio
1182 2169 1264 2238 tiro-

231 2290 312 2336 num
334 2275 368 2336 in
387 2274 521 2336 fundi
493 2292 576 2338 vires
596 2275 748 2338 mansiata
773 2275 905 2352 inisset,
930 2294 966 2340 ea
984 2286 1089 2340 tamen
1107 2276 1264 2344 immunes

228 2390 299 2438 csse
315 2391 380 2438 non
393 2373 557 2438 desierunt
577 2374 667 2438 multi
677 2417 688 2452 ,
706 2393 845 2458 quornm
861 2394 1014 2440 numerus
1031 2387 1216 2444 recensetur
1232 2377 1265 2440 in

226 2474 364 2554 quadam
381 2474 612 2542 constitutione
627 2475 763 2537 Honorii
781 2486 813 2537 et
839 2475 1013 2540 Theodosii
1030 2475 1050 2539 J
1053 2476 1174 2540 uniaris
1186 2482 1210 2551 ³,
1234 2489 1265 2540 et

228 2571 295 2662 iere
307 2589 420 2636 omnes
435 2571 686 2636 consistorianos
701 2572 835 2637 comites
853 2583 885 2638 et
906 2572 1059 2638 militares
1080 2573 1165 2638 viros
1183 2591 1266 2638 con·

228 2671 316 2736 tinet.
344 2672 512 2740 Senatores
527 2682 633 2738 autern
652 2682 684 2737 et
704 2673 864 2742 Honorati
878 2692 944 2740 non
961 2675 1160 2740 immunitate
1175 2675 1267 2740 irue-

226 2771 356 2849 bantur,
374 2774 430 2838 sed
447 2785 632 2840 senatorum
650 2774 795 2854 dignitati
809 2793 962 2840 concessa
974 2787 1043 2842 erat
1067 2777 1200 2860 «optio,
1213 2777 1266 2842 vei

226 2873 369 2935 tironum
400 2874 542 2954 ipserum
566 2873 837 2954 praebendorum,
864 2875 913 2940 vel
937 2893 1048 2940 eornm
1073 2875 1145 2942 loco
1170 2872 1263 2944 XXV

227 2970 404 3036 solidorum
415 2967 435 3034 ⁸.
461 2997 473 3030 t
489 2972 652 3053 Principio
665 2975 755 3036 fundi
770 2975 966 3058 perpetuarii
979 2975 1037 3044 Rei
1049 2975 1181 3042 Privatae
1196 2994 1261 3042 non

226 3070 478 3137 buere'tirocinii
489 3073 717 3156 gravabantur,
733 3075 789 3138 sed
798 3076 925 3154 exinde,
938 3091 1091 3160 regnante
1101 3061 1259 3157 Honorio,

227 3173 1258 3262 quumplurimaslruqcriiprovinciasjamoccuparentBarberi,

226 3270 370 3339 dominia
384 3263 667 3356 Prtnctprsdurum
683 3294 812 3360 quoque
827 3295 889 3360 pro
904 3280 1064 3348 tironibus
1075 3281 1194 3372 inferre
1204 3282 1259 3346 de·

259 3493 410 3550 *Tirenum
414 3534 469 3554 .....
483 3499 623 3569 productio
626 3539 682 3556 .....
695 3515 818 3578 personae
831 3516 930 3588 munus
943 3507 994 3559 est.
1006 3503 1124 3592 drebad.
1138 3505 1256 3564 cbaeres.

226 3589 271 3645 ap
285 3573 348 3646 Dig.
359 3575 407 3633 lib.
423 3579 505 3645 L,tit.
520 3581 600 3648 lV‚l.
618 3581 661 3650 ts,
676 3589 707 3637 n⁰
719 3587 746 3640 7.

254 3657 267 3690 ¹
280 3656 386 3714 Valent.
401 3674 446 3730 ap.
461 3660 527 3716 (iod.
540 3663 643 3720 Tbeod.
662 3664 681 3720 l.
698 3667 726 3721 7.
740 3665 919 3750 L’obiigation
938 3665 972 3724 de
986 3668 1090 3756 tournir
1109 3669 1159 3740 des
1180 3670 1257 3724 miii-

220 3737 295 3795 ciens
307 3739 347 3796 iat
359 3739 385 3795 d'
387 3741 471 3796 abord
483 3742 667 3814 personnelie;
679 3744 729 3802 elle
741 3746 834 3824 devint
845 3736 950 3804 ensuite
958 3743 1030 3820 ,p'sr
1043 3765 1095 3806 une
1108 3735 1143 3806 i'oi
1156 3750 1191 3806 de
1201 3737 1257 3810 Va·

222 3820 295 3883 tens,
308 3837 361 3878 une
374 3821 624 3894 obligationreelie.
638 3828 759 3891 Maean,
761 3821 811 3882 ιοΧ
824 3819 966 3893 meinaim,
984 3845 1012 3900 p.
1027 3829 1091 3910 biti.

256 3892 384 3960 ‘Tbeod
395 3905 443 3972 Xl,
459 3905 500 3962 tit.
514 3906 615 3963 xvsti.

220 3982 377 4128 ¹X1c¹0ru
393 3985 412 4041 ι.
426 3988 486 4056 vu,
506 3989 546 4044 ιιι
561 3989 638 4058 nur,
661 3989 680 4048 ι.
704 3993 777 4050 rsa
794 3993 836 4050 ιι
856 3993 1261 4068 stomacharentur&
