3182 4978
755 470 932 538 ..pa-

321 605 355 666 in
377 593 565 670 Diocletiani
595 596 740 662 instituto
768 599 878 664 vitium
908 600 1231 686 incommodumque,
1261 611 1350 690 quod

321 723 386 770 non
402 701 579 786 praestituto
599 709 743 779 tempore
759 709 791 763 et
805 700 939 778 ordine,
962 701 1018 766 sed
1036 721 1075 767 ex
1099 705 1266 786 inopinato
1283 710 1353 772 col-

320 807 395 871 latio
414 803 617 868 indiceretur.
640 799 693 864 Sic
712 799 807 866 fiebat
828 812 863 864 ut
882 802 1023 866 delectus
1040 818 1257 886 exspectatum
1272 827 1354 890 prae-

319 907 556 988 cogitatumque
568 907 637 964 'non
656 900 817 964 videretur
832 901 970 980 malum,
989 905 1045 968 sed
1059 905 1233 987 improviso
1250 911 1353 974 colla-

321 1017 423 1071 torem
435 1001 649 1084 opprimeret,
663 1000 771 1081 etipsa
781 1001 995 1083 infrequentia
1006 1017 1162 1069 oneraret.
1180 1009 1353 1092 Propterea

320 1107 360 1171 de
375 1105 545 1170 collatione
557 1101 744 1183 juniorum,
762 1101 855 1164 simul
870 1112 965 1184 atque
980 1103 1108 1168 inventa
1124 1117 1190 1184 est,
1207 1111 1352 1175 maximae

319 1205 529 1288 querimoniae
545 1202 662 1268 babitae
676 1213 769 1279 suut,
787 1203 812 1266 si
830 1202 925 1268 fidem
941 1203 1059 1268 babere
1074 1203 1241 1274 Lactantio
1258 1209 1349 1288 licet,

320 1325 394 1372 nam
410 1309 455 1370 sic
471 1305 635 1388 loquiturt
658 1334 670 1360 α
686 1304 757 1368 Non
773 1303 903 1368 tolerari
919 1315 1054 1384 possunt
1066 1323 1138 1386 quae
1148 1308 1189 1371 ad
1200 1310 1351 1376 exbiben-

320 1437 332 1468 ι
353 1409 412 1474 dos
427 1408 544 1472 milites
559 1415 705 1488 spectant
717 1412 738 1468 ¹.
760 1431 773 1464 i

363 1509 429 1574 Nec
439 1524 515 1570 vero
530 1504 737 1568 collatoribus
750 1513 887 1581 tantum,
898 1504 953 1569 sed
968 1505 1062 1568 etiam
1074 1507 1269 1588 Reipublicae
1279 1529 1350 1592 grn-

319 1610 368 1674 via
383 1619 416 1672 et
429 1606 610 1690 perniciosa
625 1614 733 1681 erant,
757 1605 875 1686 quippe
891 1623 963 1687 quae
979 1607 1083 1670 aerarii
1105 1627 1183 1690 opes
1198 1610 1349 1675 exhauri-

319 1719 399 1776 rent.
427 1707 524 1784 Nam,
543 1717 578 1770 ut
595 1704 655 1770 sub
670 1704 792 1768 vexillis
810 1705 1020 1784 detineretur,
1040 1708 1148 1772 multis
1162 1711 1302 1792 praemiis
1316 1725 1348 1776 et

319 1809 517 1874 immunitate
529 1807 615 1870 varia
626 1804 1025 1870 donabaturnovusmiles.
1040 1807 1121 1886 Quae
1130 1810 1175 1872 sic
1186 1809 1218 1871 in
1228 1808 1346 1875 Codice

318 1918 548 1975 recensentur:
567 1931 581 1964 a
599 1904 632 1968 Si
650 1904 776 1968 oblatus
790 1903 908 1969 Junior
921 1906 1036 1984 fuerit,
1060 1910 1114 1990 qui
1134 1909 1281 1974 censibus
1295 1922 1346 1975 te-

322 2035 334 2069 »
351 2019 444 2073 netur
458 2007 611 2080 insertus,
630 2025 668 2068 er
685 2022 724 2069 eo
739 2014 906 2086 tempore,
923 2026 988 2088 quo
1010 2009 1132 2074 militiae
1150 2025 1345 2077 sacramenta

321 2108 541 2190 »susceperit,
562 2106 684 2190 proprii
712 2123 827 2170 census
849 2119 947 2188 caput
970 2120 1118 2185 excuset,
1144 2130 1182 2174 ac
1203 2113 1228 2175 si
1249 2113 1342 2193 quin-

316 2237 336 2284 v¹
351 2211 492 2294 quennio
516 2219 641 2290 tempus
667 2207 728 2271 lida
752 2206 898 2290 obsequii
922 2208 1091 2274 devotione
1119 2211 1341 2296 compleverit,

321 2309 494 2374 »uxoriam
513 2325 642 2388 quoque
667 2306 892 2386 capitationem
917 2310 1031 2374 merito
1053 2310 1197 2378 laborum
1217 2321 1345 2394 praestct

321 2436 333 2470 ι
351 2410 577 2476 immunem...
588 2425 611 2470 ..⁸
628 2406 727 2488 patris
744 2423 872 2488 quoquc
888 2419 920 2472 et
935 2412 1045 2474 matris
1062 2414 1337 2494 capitationem...

319 2503 540 2576 »excusabit¹.
561 2533 573 2566 v
594 2506 727 2574 Paribus
750 2517 858 2572 autem
871 2507 1037 2578 beneficiis
1058 2512 1244 2577 fruebantur
1254 2521 1343 2574 vete-

314 2612 406 2688 rani,
423 2610 497 2692 qni,
524 2611 784 2674 testimonialibus
799 2610 961 2690 quaesitis,
984 2637 996 2671 ι
1013 2613 1046 2673 in
1067 2614 1133 2677 ullo
1148 2630 1281 2676 munere
1296 2609 1352 2673 ci-'

318 2711 413 2785 »vili,
430 2728 490 2772 nec
513 2709 545 2770 in
567 2706 719 2788 operibus
742 2707 898 2790 publicis,
921 2727 980 2775 nec
997 2708 1060 2773 ulla
1076 2711 1261 2784 collatione,
1284 2728 1343 2773 nec

317 2840 329 2872 a
345 2808 549 2891 vectigalibus
562 2809 725 2873 conveniri
737 2819 887 2890 poterant
897 2810 918 2874 ⁸.
937 2837 949 2871 i
968 2807 1051 2886 Sed,
1063 2825 1163 2890 quum
1176 2826 1271 2874 nemo
1285 2809 1342 2874 im·

312 2913 417 2978 munis
432 2929 501 2975 esse
516 2921 644 2991 posset,
661 2909 715 2990 qui
732 2927 797 2972 non
814 2920 1004 2977 caeterorum
1015 2920 1134 2976 sortem
1147 2919 1341 2994 aggravaret,

312 3011 394 3072 inter
408 3024 527 3090 paucos
541 3003 710 3068 collatores
725 3005 835 3070 eadem
850 3024 950 3072 onera
967 3007 1111 3074 crebrius
1125 3009 1290 3081 redibant,
1311 3017 1343 3069 et

311 3128 370 3192 pro
387 3105 616 3172 nonnullorum
633 3107 809 3172 commodis
825 3118 857 3172 et
872 3108 1026 3186 utilitate,
1043 3109 1186 3174 omnium
1204 3109 1341 3172 fortunae

311 3209 590 3276 labefactabantur.
615 3207 685 3274 Hoc
700 3209 831 3292 insuper
849 3211 895 3274 rei
913 3210 1041 3274 rusticae
1057 3209 1237 3286 ofliciebat,
1254 3209 1341 3289 quod

311 3310 531 3400 domini,non
542 3325 623 3389 quos
634 3308 813 3374 fastidirent
823 3309 1178 3391 exactoribuspraebere
1188 3316 1336 3400 possent,

310 3411 365 3476 sed
379 3409 527 3474 meliores
547 3409 760 3492 fortioresque
775 3412 908 3476 colonos
919 3407 939 3475 ¹¹.
969 3410 1122 3475 Paulatim
1143 3408 1238 3490 igitur
1252 3406 1337 3486 agri,

309 3511 479 3577 collatione
493 3510 634 3576 tironum
650 3512 743 3576 simul
763 3532 800 3576 ac
821 3514 1010 3578 enormitate
1030 3510 1244 3575 indictionum
1262 3523 1340 3570 cun-

308 3611 442 3694 sumptis
461 3611 655 3674 rusticorum
674 3611 813 3688 viribus,
837 3614 1080 3692 deserebantur,
1101 3623 1134 3678 et
1153 3611 1286 3694 culturae
1307 3607 1337 3670 in

309 3713 426 3795 sylvam
444 3709 649 3775 vertebantur
661 3708 681 3774 ⁸.

345 3888 439 3942 *Lacu
455 3886 490 3941 da
503 3885 608 3942 Mortib.
622 3887 758 3942 Persecut.
776 3888 802 3942 7.

343 3969 432 4024 ’Cod
447 3969 550 4024 Theod.
565 3968 612 4023 lib.
623 3969 681 4036 Vll,
695 3969 734 4023 tit.
749 3969 783 4025 do
796 3967 916 4032 tironib,
931 3966 948 4021 l.
964 3969 990 4020 7.

343 4049 433 4104 ³C0d.
447 4048 494 4103 lib.
508 4050 569 4116 XII,
584 4049 624 4103 tit.
638 4050 752 4116 xuvlv,
769 4050 787 4106 l.
804 4052 829 4102 l.

343 4132 460 4200 “Veget
479 4131 504 4196 l,
515 4132 542 4184 7.
865 4129 960 4183 ‘Lacu
975 4127 1009 4184 de
1020 4129 1097 4184 Mori.
1112 4129 1247 4186 Persecut.
1262 4131 1289 4184 7.
