3182 4978
687 497 865 564 -t5-

259 650 327 712 »ad
353 643 497 710 militiam
525 643 632 706 innata
658 641 844 706 libertas⁴r
878 638 919 702 ad
937 657 1037 724 ‚arma
1065 642 1280 710 exciebantur.

255 750 359 831 Atque
371 745 514 810 etiamad
526 743 728 809 servitiorum
744 742 886 807 deiectus
897 741 1163 822 descendebatur,
1172 764 1285 828 quum,

258 859 293 912 ut
308 846 449 930 loquitur
470 845 633 910 Honorius
644 871 678 921 ,ι
696 853 808 908 contra
824 842 955 907 hostiles
971 844 1108 926 impetus
1128 863 1193 911 non
1212 847 1288 912 sota

260 965 456 1030 »personae,
474 945 531 1009 sed
547 945 630 1009 vires
642 943 924 1009 considerarentur
936 953 955 1009 ².
982 971 995 1004 s

298 1047 361 1112 Sed
376 1064 509 1128 perraro
524 1044 689 1126 Principes
705 1045 754 1108 his
771 1044 896 1109 auxiliis
913 1046 962 1109 usi
982 1065 1050 1110 esse
1078 1047 1237 1124 videntur,
1255 1059 1288 1112 et

254 1157 377 1210 tantum
392 1155 466 1228 post
481 1145 652 1210 Theodosii
668 1155 822 1228 mortem,
839 1163 956 1228 quum,
969 1145 1035 1228 jam
1060 1147 1190 1230 irruptis
1207 1166 1288 1230 pro-

256 1247 383 1322 vinciis,
401 1264 465 1328 quo
480 1264 514 1310 se
531 1257 690 1310 verterent
706 1257 738 1310 et
752 1247 840 1328 quod
851 1239 1018 1312 consilium
1030 1248 1140 1312 salutis
1154 1241 1285 1324 inirent,

255 1346 416 1411 nescirent
432 1347 595 1412 novissimi
607 1347 829 1428 Imperatores.
848 1345 1024 1424 Caeterum,
1035 1347 1100 1429 jam
1111 1349 1288 1431 desperatis

254 1446 366 1524 rebus,
390 1467 471 1512 vana
494 1458 586 1513 erant
600 1465 712 1512 eorum
730 1445 853 1524 edicta,
870 1447 1051 1529 frustraque
1066 1451 1203 1516 maxima
1228 1469 1288 1517 no·

255 1547 358 1624 mina,
385 1567 526 1613 amorem
547 1549 678 1630 patriae,
706 1549 885 1612 communis
900 1549 1097 1614 defensionis
1119 1551 1285 1630 studium,

253 1643 494 1726 Rempubiicam
519 1645 695 1712 Romanam
720 1641 956 1724 usurpabant³3
979 1645 1167 1728 pierumque
1192 1651 1286 1714 etiam

253 1743 373 1823 iegem,
391 1745 478 1809 nulia
501 1755 556 1810 aut
571 1744 746 1821 levissima,
766 1755 875 1826 utpote
891 1743 950 1808 sibi
968 1746 1165 1825 diffidentes,
1185 1749 1288 1814 inter·

145 1847 147 1856 '
253 1845 356 1924 posita
368 1863 479 1928 poena,
496 1843 694 1922 statuebant,
709 1863 787 1918 nec,
806 1845 951 1927 quamvis
962 1847 1062 1912 civem
1076 1847 1129 1930 qui
1142 1849 1286 1915 militiam

253 1949 463 2022 detrectaret,
489 1945 663 2010 «confiteri
683 1964 717 2009 se
730 1963 801 2010 uon
819 1964 888 2010 esse
905 1946 1085 2014 Romanum
1103 1973 1116 2008 s
1141 1950 1288 2016 declara-

254 2057 327 2112 rent
337 2046 365 2122 *,
381 2045 601 2111 audiebantur.
992 2096 995 2104 Δ

298 2147 440 2214 Hoccine
458 2147 553 2228 igitur
568 2147 665 2210 modo
677 2159 901 2227 ‘comparatum
918 2160 1008 2222 erat,
1028 2157 1102 2228 post
1116 2147 1288 2213 Diocletia-

257 2266 333 2310 num
350 2259 383 2310 et
399 2247 665 2319 Constantinum,
683 2245 770 2325 quod
784 2247 874 2311 uuile
889 2247 996 2310 vocari
1012 2257 1137 2330 potest,
1156 2249 1289 2332 supple-

256 2353 398 2406 mentum
413 2341 583 2406 exercitus.
609 2340 745 2406 collatio
762 2353 868 2407 autem
884 2345 1026 2410 tironum
1049 2346 1157 2412 solerti
1179 2349 1287 2413 animo

255 2443 430 2524 excogitata
441 2442 599 2518 ,'·vet·um,
617 2454 652 2506 ut
670 2454 785 2504 caetera
799 2433 1171 2521 Diocletiani‘instituta,
1189 2465 1287 2528 quum

252 2543 318 2621 jam
332 2561 437 2602 serum
449 2553 531 2602 esset
541 2541 678 2602 cavendi
692 2549 836 2619 tempus,
854 2540 981 2604 inventa
994 2542 1129 2608 videtur.
1150 2544 1184 2610 st
1201 2548 1287 2610 enim

257 2640 374 2702 indicta
386 2639 515 2714 fuisset,
531 2657 630 2720 quum
644 2639 786 2702 nondum
798 2639 927 2720 imperii
943 2642 1025 2707 vires
1036 2645 1191 2711 continuo
1203 2646 1287 2712 bello

255 2749 425 2803 attenuatae
445 2747 476 2802 et
491 2738 651 2802 exhaustae
670 2739 824 2815 fuissent,
842 2741 977 2805 forsitan
991 2743 1023 2805 in
1040 2763 1163 2810 morem
1180 2767 1289 2813 usum-

255 2859 317 2921 que
337 2841 493 2916 uenisset,
517 2850 549 2903 et
568 2839 657 2905 nullo
681 2840 879 2920 refragante,
912 2844 1056 2908 maximis
1081 2846 1113 2907 in
1137 2849 1289 2928 periculis

256 2937 418 3015 exhibita,
437 2937 677 3021 Rempublicam
697 2939 738 3004 ab
762 2940 891 3004 interitu
915 2941 1110 3009 detraxisset.
1145 2949 1288 3032 Namque

255 3047 339 3127 apud
354 3045 545 3111 Moscovitas
560 3063 611 3110 res
626 3046 735 3110 eadem
756 3047 903 3124 usitatur,
920 3067 1023 3130 eaque
1040 3054 1193 3118 exercitui
1211 3075 1287 3120 con·

256 3145 354 3208 ducit.
379 3144 442 3210 Sed
463 3165 482 3208 a
503 3145 703 3210 Diocletiano
724 3147 810 3227 ‘apud
832 3147 995 3214 Romanos
1016 3155 1189 3218 constituta
1206 3157 1285 3233 fuit,

255 3249 424 3320 postquam
438 3241 651 3322 provinciales
670 3242 814 3306 civilibus
829 3243 952 3310 artibus
968 3257 1066 3312 totam
1080 3267 1211 3332 operam
1228 3254 1287 3318 de-

254 3339 387 3416 derant,
403 3351 435 3404 et
447 3340 557 3404 militia
569 3341 717 3406 omuibus
732 3361 827 3423 grave
842 3355 874 3408 et
886 3346 1044 3411 insuetum
1064 3367 1146 3414 onus
1159 3353 1287 3418 videba-

255 3447 316 3499 tur.
339 3438 447 3516 Quum
463 3439 506 3503 ita
522 3457 555 3504 se
571 3458 622 3504 res
638 3440 786 3517 haberet,
805 3442 883 3505 nihil
901 3445 1053 3509 intererat
1063 3449 1204 3512 tirocinii
1217 3471 1285 3518 mo-

256 3535 333 3612 dus,
358 3547 390 3600 et
405 3540 511 3603 omnia
536 3541 679 3622 quamvis
699 3541 885 3623 probanda,
907 3545 1007 3608 invisa
1029 3559 1138 3626 erant,
1156 3570 1228 3634 quae
1245 3556 1285 3617 ad

254 3635 446 3716 praebendos
468 3639 588 3706 tirones
607 3652 796 3724 spectarent.
823 3643 978 3711 Caeterum
997 3648 1058 3714 hoc
1074 3669 1202 3734 quoqne
1217 3668 1285 3719 erat

290 3881 301 3994 ξ
312 3880 380 4020 twtlo
381 3883 422 3938 tit.
435 3883 469 3940 Vl
482 3883 516 3941 de
529 3885 648 3954 tironio,
662 3887 681 3941 l.
695 3890 735 3942 tt.

289 4043 444 4181 :Ivbaieotiu
458 4048 527 4108 Nov.
541 4051 612 4107 inter
624 4050 729 4110 Noveli.
745 4051 886 4110 Theodosii
899 4056 986 4127 XLli,
998 4058 1017 4116 1.
1031 4061 1058 4114 5.
