3182 4978
712 412 888 474 ..22-

284 571 325 637 ab
353 569 601 662 Imperatoribus
630 574 792 650 instituta,
820 591 892 655 qnae
918 572 1053 637 militum
1079 577 1236 658 probandi
1261 577 1320 659 jus

284 673 439 738 baberent
455 670 463 702 ⁸
479 695 488 737 :
508 675 548 738 de
563 673 681 756 quibus
695 675 777 737 inlra
793 675 917 739 dicetur
931 675 1076 757 amplius.

327 786 370 850 At
385 805 460 852 vero
476 788 592 852 milites
608 805 680 852 cum
696 797 782 850 tanta
799 805 875 851 cura
890 788 1040 870 quaesitos
1058 799 1168 852 ettam
1184 791 1241 853 diu
1256 790 1315 853 sub

283 887 404 951 vexillis
422 899 582 966 retentos,
599 889 734 952 maxima
753 907 825 952 cum
842 889 1003 970 diligentia
1016 935 1027 966 ,
1040 889 1193 952 cavebant
1207 891 1315 971 Impe-

283 998 406 1053 ratores
425 1007 467 1054 ne
484 990 664 1071 perderem.
690 989 864 1070 Privilegiis
884 991 969 1054 euim
988 990 1164 1053 innumeris
1182 1007 1237 1054 eos
1252 991 1314 1054 do-

284 1086 422 1165 nabant,
443 1107 564 1154 summa
584 1091 784 1155 observantia
805 1091 954 1155 colebant
970 1099 994 1165 ¹,
1012 1089 1160 1154 dimissos
1181 1091 1214 1152 in
1232 1091 1314 1171 agris

284 1182 516 1264 collocabant⁸,
527 1198 559 1252 et
569 1188 722 1253 omnibus
730 1189 893 1252 civitatum
907 1189 1095 1252 muneribus
1105 1185 1310 1253 eximebantl.

284 1285 380 1364 Quod
395 1305 461 1352 non
477 1289 612 1368 faciebat
631 1291 802 1372 quominus
821 1289 910 1353 multi
932 1291 1021 1370 signa
1038 1291 1242 1366 desererent,
1261 1301 1317 1353 aut

283 1405 301 1449 e
326 1388 438 1451 cestris
460 1402 612 1454 exeuntes
633 1409 692 1472 per
713 1409 806 1472 agros
824 1402 856 1454 et
879 1391 1063 1471 provincias
1083 1401 1274 1471 vagarentur
1291 1390 1314 1456 ⁸.

283 1487 502 1566 Quamobrem
524 1502 697 1554 sanxerunt
717 1487 1070 1572 Imperatores'multas,
1087 1491 1172 1572 leges
1194 1491 1234 1555 de
1258 1492 1318 1554 de-

283 1586 477 1663 sertoribus,
494 1598 529 1650 et
540 1587 711 1670 aliquando
727 1589 879 1652 atrociter
895 1589 1043 1652 saevitum
1059 1598 1126 1664 est,
1144 1587 1316 1670 aliquando

283 1683 416 1748 nimium
441 1683 576 1748 feciliter
600 1685 767 1748 indultum.
792 1683 941 1749 Attamen
966 1704 1025 1748 uec
1048 1685 1233 1762 severitate,
1257 1703 1317 1749 nec

283 1781 478 1863 indulgentia
491 1782 735 1847 deterrebantur
748 1782 863 1845 milites
879 1800 919 1845 ne
937 1783 1102 1862 sugerent,
1120 1794 1318 1866 quapropter

283 1899 395 1946 eorum
411 1902 543 1946 manum
556 1883 702 1964 stigmate
715 1883 820 1946 notari
836 1882 974 1965 placuit,
994 1893 1027 1946 ut
1041 1883 1226 1948 charactere
1246 1885 1313 1948 inu·

283 1993 333 2048 sto
349 1983 478 2048 facilius
490 1983 753 2066 dignoscerentur
764 1991 784 2047 ⁶.

327 2085 402 2150 llaec
424 2086 531 2150 omnia
550 2085 590 2148 de
607 2084 732 2150 delectu
757 2085 917 2168 legionum
933 2083 1089 2162 diximus,
1108 2087 1163 2150 sed
1185 2105 1250 2150 non
1267 2087 1316 2150 his

283 2187 385 2267 copiis
402 2198 524 2251 tantum
547 2188 717 2251 defensum·
737 2197 806 2251 erat
827 2187 997 2268 imperium
1018 2187 1197 2254 Romanum
1216 2207 1224 2250 :
1243 2205 1316 2251 narn

284 2286 367 2348 civili
390 2286 499 2349 robori
517 2287 678 2366 legionum
701 2287 816 2348 auxilia
832 2289 1097 2366 provincialium,
1118 2300 1150 2353 et
1164 2289 1280 2354 milites
1300 2307 1318 2352 a

286 2385 383 2450 sociis
393 2384 524 2467 regibus
539 2386 731 2467 populisque
749 2385 854 2461 missi,
874 2387 1078 2450 accedebant.

328 2483 483 2566 Legiones
506 2483 633 2548 nonnisi
661 2501 736 2548 raro
757 2483 1061 2562 exauctorabantur,
1085 2497 1118 2550 et
1142 2488 1247 2569 primo
1269 2487 1316 2551 ti-

284 2581 362 2662 ginti
377 2581 517 2660 quinque
532 2581 663 2644 suerunt
679 2597 833 2654 numero,
848 2580 904 2643 sed
918 2592 1062 2664 tempore
1082 2583 1273 2649 Severorum
1289 2597 1321 2650 et
1344 2597 1345 2602 ’

284 2682 397 2749 Dionis
408 2681 551 2746 historici
564 2681 640 2746 solae
656 2681 852 2762 undeviginti
863 2683 1095 2748 remanehamt
1107 2685 1143 2745 ln
1155 2703 1234 2762 pace
1244 2703 1319 2748 raro

285 2780 532 2866 supplebantur,
550 2792 583 2848 et.
597 2782 703 2847 inania
722 2793 813 2847 eraut
833 2802 943 2848 earum
962 2782 1092 2846 nomina
1102 2827 1114 2860 ‚
1132 2799 1319 2845 namvaca-

321 3053 397 3120 ΙΙΙ).;
412 3053 478 3109 Coti.
496 3053 557 3123 XII,
576 3054 617 3110 ot.
637 3057 682 3124 ot,
695 3056 715 3112 l.
732 3057 756 3112 1.
773 3056 799 3112 Si
816 3055 921 3112 militiae
932 3069 1028 3109 nomen
1040 3051 1106 3107 dare
1119 3050 1216 3120 vultis,
1227 3052 1320 3110 offerte

287 3151 335 3192 tos
346 3135 389 3191 bis
400 3136 446 3208 qui
461 3137 593 3208 probandi
602 3139 647 3210 jus
660 3139 775 3197 babent.

320 3219 513 3289 ¹AEgrotantes
526 3221 585 3294 ipse
601 3223 722 3279 visitavit
733 3239 782 3296 per
800 3223 914 3280 tentoria
934 3219 1046 3290 milites„
1059 3225 1112 3278 ete.
1135 3219 1272 3292 lamprid.
1293 3223 1320 3276 in

286 3297 362 3355 Alex.
377 3298 441 3356 Sev.
455 3315 483 3371 p.
495 3303 555 3369 150,
570 3303 600 3358 t.

321 3381 409 3437 ³Tac.
424 3382 519 3438 Annal.
533 3385 606 3454 XIV,
620 3387 654 3442 rt
665 3391 693 3443 et
706 3389 751 3443 51.
766 3385 831 3458 Agr.
851 3389 893 3442 tt.
1317 3446 1321 3454 ,

321 3465 398 3521 lllos
405 3466 452 3536 qui
466 3467 626 3525 militaribus
638 3469 759 3525 nituntur
768 3469 965 3542 prerogativis.
982 3467 1120 3540 Lamprid.
1131 3469 1208 3526 Alex.
1220 3486 1247 3541 p.
1259 3469 1318 3534 tto,

287 3546 322 3602 A.
334 3547 372 3602 cl.
387 3548 479 3603 (lodic.
494 3549 528 3604 de
538 3551 693 3606 Veteranio.

322 3629 491 3700 lNunquam
511 3645 608 3702 passus
627 3631 661 3687 de
684 3634 780 3689 castris
798 3633 914 3706 aliquem
935 3633 1035 3706 injuste
1055 3634 1160 3690 abesse.
1183 3629 1318 3700 Spartiun.

287 3709 417 3767 Hadrian.
428 3728 457 3786 p.
468 3713 495 3768 tt.
509 3713 542 3767 D.
554 3712 628 3770 ldem
639 3713 728 3771 mullis
740 3715 924 3774 desertoribus
934 3733 1031 3774 manus
1040 3715 1156 3778 excidit,
1170 3709 1229 3764 aliis
1242 3721 1321 3762 crura

286 3794 381 3850 incidit
393 3802 420 3852 et
438 3795 562 3868 poplites.
578 3796 683 3854 Vuleal.
699 3799 794 3856 Gallie.
815 3800 842 3856 in
856 3801 935 3858 Avid.
953 3801 1027 3856 Cass.
1045 3815 1073 3868 p·
1092 3797 1136 3848 ltl.
1153 3791 1192 3848 Cf·
1208 3789 1320 3848 COdisses

289 3875 323 3933 de
335 3877 529 3936 desertoribus.
1358 3880 1365 3890 ”

324 3961 444 4032 ‘Veget
459 3961 492 4018 de
502 3979 532 4020 re
543 3964 651 4022 militari
663 3966 710 4026 lib.
727 3969 752 4036 l,
765 3983 826 4038 cap.
841 3969 866 4020 8.

326 4043 335 4074 ⁷
348 4042 426 4098 Dion.
439 4044 493 4112 LV,
508 4062 535 4116 p.
551 4047 611 4102 dot.
