3182 4978
717 411 893 473 ..37-

290 573 405 621 nomen
418 554 560 635 priscum
574 549 712 632 perdidit
722 556 742 613 ¹.
762 550 842 614 Nam
856 567 930 612 cum
944 567 962 611 a
976 548 1123 632 Principe
1133 551 1316 632 juberetur;

288 659 404 722 inditio
430 664 463 718 et
484 663 582 734 quum
603 669 621 713 a
644 649 793 732 subjectis
809 649 1014 726 toleraretur,
1033 654 1163 718 collatio
1179 652 1319 718 vocaba-

289 767 343 820 tur
352 763 373 818 ¹.
397 751 472 822 Fuit
486 752 570 817 eninr
589 753 731 838 tironum
746 752 893 825 collatio,
915 747 1001 814 reiut
1020 759 1090 814 erat
1108 750 1236 817 collatio
1257 771 1320 817 an-

290 873 403 930 nonae,
418 851 513 918 vestis
528 850 693 927 militaris,
710 850 988 933 capitationisqne.

331 956 487 1021 Praeterea
503 971 563 1017 usu
578 964 795 1034 compertum3
811 963 906 1016 et‘oa
922 952 1114 1016 doctissimis
1133 952 1318 1018 bominibus

291 1053 661 1139 »comprobatumerat
678 1079 695 1114 s
710 1071 777 1118 non
801 1053 834 1116 in
858 1052 1008 1118 omnibus
1029 1054 1203 1136 provinciis
1227 1071 1318 1137 aeque

286 1167 435 1221 smenuos
448 1155 535 1220 nasci
551 1154 674 1218 milites.
698 1154 752 1220 Sin
773 1155 859 1219 enim
876 1154 1018 1237 loquitur
1033 1155 1067 1218 in
1083 1154 1169 1220 libro
1183 1140 1223 1219 d'e
1239 1153 1317 1220 Arte

287 1257 415 1322 militari
430 1255 577 1338 Vegetius
592 1276 601 1320 ι
619 1281 632 1316 ι
647 1255 768 1322 Omnes
782 1255 929 1320 bubones
940 1273 1013 1338 quae
1029 1255 1144 1320 vicinae
1156 1255 1315 1332 suntsolb

291 1358 418 1422 »nimio
434 1357 542 1424 calore
556 1357 700 1434 siccatae',
719 1355 854 1438 amplius
870 1356 998 1438 quidem
1019 1356 1238 1438 sapiunt)..sed
1254 1357 1319 1419 mi-

290 1483 303 1515 ι
319 1475 380 1520 nus
389 1458 551 1538 sanguinis
562 1456 681 1522 babent
695 1477 704 1520 a
720 1476 757 1520 ae
769 1466 905 1540 propter
915 1475 952 1520 ea
964 1455 1176 1522 constantiam
1187 1457 1224 1519 a'c
1235 1456 1317 1521 iillu-

292 1556 403 1620 uciam
421 1557 568 1621 cominus
583 1574 650 1620 non
667 1556 787 1620 babent
799 1557 983 1636 pugnandi,
1000 1558 1075 1638 quia
1091 1567 1238 1622 metuunt
1249 1557 1316 1620 vub

285 1683 298 1716 s
320 1674 419 1732 nera,
441 1657 497 1738 qui
518 1674 552 1720 se
574 1657 722 1737 exignum
743 1656 929 1737 sanguinem
948 1653 1066 1720 babere
1087 1665 1276 1720 noveruntt.
1299 1681 1311 1714 ι

284 1753 499 1824 Contemnent
520 1765 647 1832 autem,
672 1767 708 1822 ut
730 1755 879 1832 libuerit,
909 1753 994 1820 iilam
1021 1755 1315 1838 interpretationem

283 1867 405 1922 naturae
428 1857 542 1938 periti,
568 1857 760 1922 hortamen
785 1867 910 1922 constat
932 1857 1053 1921 viribus
1078 1858 1315 1940 praestantiores

285 1957 382 2020 inisse
405 1955 626 2022 Occidentales
646 1975 742 2038 quarn
766 1955 945 2024 Orientales
960 1959 1122 2024 exereitus
1136 1967 1156 2022 ⁸.
1184 1958 1312 2042 ltaque,

283 2074 381 2137 quum
405 2055 554 2122 Asiaticae
574 2059 749 2140 prouinciae
770 2058 960 2124 deterrimos
974 2059 1091 2123 milites
1106 2057 1313 2133 exhiberent,

283 2157 345 2221 illis
369 2158 449 2221 nulli
472 2159 616 2235 tirones,
643 2170 760 2240 praemr
787 2158 1001 2239 sagittarios¹‚
1029 2157 1138 2221 indicti
1169 2159 1314 2226 luerunt:

283 2254 346 2320 Seu
360 2258 504 2338 pecunia·
513 2251 681 2338 juniores,
699 2263 784 2345 quos‘
797 2275 863 2323 non
882 2256 1020 2336 (labaim
1041 2259 1311 2342 compensabant,

279 2367 311 2420 et
333 2356 408 2420 binc
426 2357 540 2436 fiebat,
566 2369 600 2423 ut
623 2359 792 2443 imperium
812 2360 845 2421 in
866 2361 945 2424 duas
969 2372 1077 2440 partes
1103 2362 1310 2438 divideretur,

278 2476 413 2536 quarum
434 2459 533 2522 altera
555 2469 753 2536 opportunos
773 2458 921 2535 regiones
942 2460 1137 2533 contineret,
1155 2477 1227 2539 quae
1241 2477 1314 2524 cor-

277 2572 361 2636 pora
376 2555 517 2619 tironum
530 2551 675 2634 praebere
686 2563 839 2636 possent,
859 2555 957 2621 altera
973 2557 1225 2642 inopportunas,
1241 2575 1313 2641 quae

193 2707 196 2714 .
277 2670 338 2735 pro
353 2653 531 2732 tironibus,
550 2671 631 2738 quos
646 2673 711 2722 non
723 2654 930 2737 exhiberent,
944 2678 1058 2726 aurum
1075 2661 1193 2734 inferre
1210 2660 1311 2727 debe-

278 2755 381 2816 rent⁶.
721 2803 725 2808 .

319 2846 439 2910 Praeter
462 2849 546 2910 bane
567 2852 804 2926 provinciarum
829 2851 1042 2928 divisionem,
1069 2869 1167 2933 quum
1196 2854 1229 2914 in
1246 2871 1310 2935 op,

276 2944 424 3026 portunis
443 2945 627 3028 regionibus
646 2951 796 3013 nonnulli·
814 2951 982 3018 collatores
1003 2954 1065 3038 (ut
1086 2954 1155 3035 ipso
1180 2952 1309 3020 Codicis

276 3046 374 3111 verbo
391 3049 486 3133 utar)
505 3048 642 3130 impares
662 3049 768 3113 essent
791 3053 929 3132 junioris
950 3058 1145 3136 probinum,
1163 3057 1209 3120 eis
1226 3074 1309 3121 con-

276 3162 401 3209 cessum
418 3147 478 3210 init
497 3149 666 3228 pecuniam
690 3151 723 3214 in
749 3150 832 3215 illius
849 3151 956 3218 locum
978 3155 1192 3236 suppeditare.
1214 3157 1308 3223 lnitio

276 3246 396 3312 seilicet
410 3249 546 3330 formale
561 3249 675 3316 tironis
687 3254 844 3334 pretium,
873 3274 890 3318 a
911 3254 1106 3337 ,quibusdam
1121 3257 1309 3324 Provincia-

310 3529 481 3665 :iPermansit
492 3534 581 3587 tamen
594 3533 622 3587 in
635 3549 685 3589 usu
698 3539 776 3591 velus
791 3536 920 3604 verbnm,
935 3543 965 3590 ut
978 3535 1102 3594 ridemus
1115 3537 1143 3593 iu
1157 3540 1269 3612 Vegetio
1282 3551 1319 3599 el.v

272 3612 310 3667 ilo
330 3610 381 3667 ice.

309 3693 397 3750 ’θοὰ
412 3693 516 3750 Tbeod.
530 3695 570 3750 lit.
586 3693 621 3751 de
634 3696 743 3754 tironib.
755 3701 865 3769 passim.

311 3777 321 3808 ³
336 3775 395 3830 Lib.
411 3777 437 3843 l,
451 3789 511 3846 cap.
526 3777 553 3830 l.

309 3857 407 3914 'Diom
419 3857 566 3930 snXipbil.
578 3857 729 3928 libnxxr,
737 3877 764 3934 p.
776 3864 892 3936 8¹1,E.;
905 3868 982 3924 Dion.
993 3867 1038 3922 lib.
1047 3868 1155 3938 LXXV,
1165 3886 1192 3942 p.
1204 3870 1312 3940 loom..

311 3938 476 3995 'Herodian
490 3940 536 4008 vl,
547 3942 575 4007 7,
588 3947 618 3996 n⁰
632 3943 674 4000 l8.

309 4019 399 4076 ⁶Cod,
414 4021 516 4078 Tbeod.
529 4024 604 4090 Vlll,
618 4024 657 4080 tit.
671 4026 750 4096 Xlll,
763 4028 781 4086 l.
797 4032 822 4085 9.
845 4089 849 4100 ,
