3182 4978
795 427 971 486 ,56-

364 563 505 645 hospites
519 573 551 628 et
561 561 677 630 milites
687 561 906 629 Romanorum
916 581 951 626 se
966 562 1181 644 metuentes.
1199 563 1292 640 Nam,
1308 569 1401 636 nteit

364 675 480 744 poeta:

630 763 747 844 spoliis
761 765 932 846 praedaque
949 765 1101 847 repletus,

452 864 560 944 Quum
580 864 694 940 libeat,
712 866 875 932 Romanus
892 867 955 930 eris
971 873 990 930 ¹.

407 965 574 1032 Exercitus
600 978 707 1030 autem
723 968 905 1044 Romanus,
932 985 1030 1049 quum
1048 966 1190 1031 delectus
1212 967 1400 1047 provincia-

364 1065 441 1130 lium
449 1065 516 1148 jam
532 1067 587 1130 diu
602 1067 712 1132 baberi
724 1069 886 1144 desiisset,
903 1086 1021 1134 nomen
1037 1077 1159 1134 tantum
1172 1077 1240 1130 erat
1255 1087 1264 1129 ι
1280 1087 1399 1150 nempe

365 1168 397 1230 in
431 1168 532 1250 copiis
562 1167 728 1250 Maioriani
765 1187 876 1236 omnes
907 1168 995 1234 orbis
1028 1169 1138 1252 populi
1167 1181 1396 1247 recensentur,

365 1279 482 1349 prater
498 1269 585 1350 ipsos
597 1270 761 1338 Romanus
778 1290 786 1334 :

710 1374 858 1456 Rigidum
885 1374 1099 1456 septemplicis
1124 1373 1196 1438 istri

408 1475 531 1555 Agmen
548 1476 580 1538 in
593 1493 682 1539 arma
695 1477 779 1557 rapit
792 1495 801 1538 r
849 1519 1389 1538 ..........

409 1621 895 1640 .........
946 1575 1116 1650 Bastarna,
1139 1573 1281 1648 Suetus,

410 1675 621 1754 Pannonius,
645 1677 792 1755 Neurus,
813 1677 963 1752 Clrtmus,
984 1676 1085 1752 Geta,
1108 1675 1233 1750 Dacus,
1253 1674 1394 1748 Alanus,

408 1776 637 1852 Bellonotbus,
658 1779 787 1859 liugas,
811 1779 1016 1858 Burgundio,
1035 1775 1151 1852 Vesus,
1169 1775 1282 1848 Alitcs,

409 1876 546 1952 Bisalta,
565 1877 798 1959 Ostrogothus,
816 1878 1027 1952 Procrustes,
1046 1875 1212 1952 Sarmata,
1227 1873 1393 1950 Moschus,

410 1977 487 2042 Post
501 1976 624 2060 aquilas
642 1997 756 2044 venere
778 1989 857 2045 tuas.
879 1979 950 2044 Tibi
975 1979 1089 2044 militat
1116 1977 1220 2042 omnis

413 2077 576 2147 Caucasus
596 2089 629 2144 ct
643 2078 799 2162 Scythica
814 2091 910 2162 potor
924 2081 1107 2146 Tanaiticus
1124 2078 1216 2142 undas
1228 2085 1247 2139 ².

411 2179 485 2256 Sic,
506 2181 646 2246 exercitu
670 2182 760 2264 quasi
778 2182 957 2259 exstincte,
985 2180 1200 2249 miserantium
1217 2177 1250 2240 in
1265 2173 1390 2240 molum

367 2283 490 2345 corruit
515 2283 687 2362 lmperinm
717 2284 946 2358 Occidentalc,
980 2283 1071 2366 cujus
1103 2296 1284 2361 supremam
1314 2275 1395 2338 illam

367 2382 587 2449 necessitatem
616 2401 681 2447 non
716 2385 785 2448 sine
813 2402 951 2450 moerorc
975 2399 1098 2452 summo
1127 2375 1393 2452 contemplamur.

366 2483 519 2561 Quamvis
534 2483 619 2550 eninr
641 2503 715 2552 cum
739 2487 912 2567 ignominia
930 2497 963 2552 et
985 2485 1140 2553 dedecore
1162 2475 1275 2539 cadere
1291 2472 1395 2539 Roma

366 2584 523 2660 uideatur,
539 2584 702 2651 Romanus
718 2588 898 2661 exercitus,
925 2587 1020 2654 etiam
1036 2581 1154 2650 ultimis
1175 2572 1393 2656 temporibus,

366 2683 448 2746 bcnc
463 2685 503 2748 de
518 2685 658 2750 humano
674 2704 790 2767 genere
806 2689 930 2753 meruit.
951 2689 1052 2762 Nam,
1066 2701 1165 2766 quum
1183 2707 1195 2740 c
1212 2678 1295 2740 banc
1307 2690 1395 2738 com-

370 2803 531 2866 cracem,
564 2803 636 2866 qum
666 2787 923 2869 octingentorum
951 2803 1108 2854 annorum
1141 2783 1268 2845 fortuna
1295 2771 1395 2836 disci-

366 2886 547 2968 »plinaque
583 2887 801 2965 coaluissent
836 2909 894 2972 per
924 2889 1173 2972 quadringentos
1202 2893 1304 2943 anuos
1335 2873 1394 2941 dc-

365 2985 502 3050 ienderit
525 2984 565 3048 ab
589 2986 754 3068 incruente
780 2989 995 3056 barbarorum
1023 2987 1176 3060 colluvie,
1197 2983 1306 3048 Romae
1329 2971 1396 3045 suis

366 3085 453 3166 fungi
475 3084 618 3167 partibus
633 3098 665 3152 ct
679 3107 821 3170 perenne
837 3091 914 3159 illud
933 3111 970 3154 ac
987 3089 1188 3172 magnificum
1204 3095 1284 3162 opus
1298 3091 1398 3156 peta-

366 3203 441 3266 gere
456 3187 565 3252 datum
582 3198 638 3252 est.
661 3189 803 3272 Namque
822 3211 880 3272 per
898 3193 1114 3258 continuatam
1133 3185 1219 3251 illam
1237 3176 1394 3247 bellorum
1466 3275 1472 3290 b

401 3411 563 3467 *claudian
578 3413 605 3468 in
617 3414 727 3486 Eutrop.
742 3416 779 3483 ll,
791 3430 817 3471 v.
834 3418 897 3473 lib.
1362 3477 1367 3488 .

401 3496 518 3554 ’Sidon
532 3497 621 3554 Germ.
637 3499 669 3554 V.
685 3500 818 3573 Panegyr.
833 3500 984 3570 majoriam,
998 3513 1026 3553 v.
1043 3496 1106 3552 utu.
1120 3494 1195 3548 Dans
1209 3503 1256 3544 ces
1278 3481 1396 3570 endrotts

365 3576 400 3632 ob
412 3578 519 3649 Vegbce
531 3579 633 3636 semble
649 3581 725 3636 avoir
736 3581 773 3636 dir
790 3581 951 3640 rassemblcr
964 3587 1052 3638 toules
1064 3578 1103 3636 les
1115 3588 1210 3632 causes
1225 3569 1262 3626 clu
1275 3575 1396 3622 manvars

315 3709 322 3720 ‚
365 3659 421 3716 etat
432 3659 480 3716 des
492 3660 610 3732 legions,
624 3661 641 3716 il
655 3679 689 3719 ne
701 3663 740 3718 dit
752 3681 801 3736 pas
814 3682 849 3720 uu
863 3671 917 3722 mol
930 3664 963 3720 de
976 3663 1043 3720 celle
1053 3677 1106 3734 que
1117 3653 1316 3713 nousdonnons
1329 3656 1395 3737 pour

365 3742 390 3798 ¹³
400 3743 564 3816 principale,
578 3744 759 3804 c'est-a-dire
768 3748 805 3804 du
815 3748 938 3822 mellange
948 3749 996 3805 des
1004 3745 1135 3802 barbares
1146 3751 1212 3795 auec
1222 3735 1262 3826 les
1270 3732 1400 3785 Romams

365 3825 433 3882 daus
449 3826 488 3883 les
500 3826 603 3898 legions
676 3827 698 3884 ll
716 3837 757 3886 est
772 3837 895 3887 constant
913 3848 966 3903 que
984 3835 1056 3886 cette
1076 3825 1179 3882 illustre
1199 3815 1305 3879 mrlrce,
1320 3807 1399 3879 aprbs

366 3909 442 3966 avoir
452 3909 499 3964 lait
512 3909 639 3965 trembler
652 3909 780 3968 l'univers
793 3929 856 3970 sons
874 3915 899 3969 la
911 3913 1080 3984 Republique
1092 3914 1119 3963 ct
1131 3917 1194 3962 sous
1208 3899 1233 3955 ls
1247 3899 1318 3952 llaut
1330 3891 1400 3945 Em-

367 3991 439 4060 pire,
459 3991 609 4047 S'ivanouil
633 3993 703 4047 enfin
721 4010 771 4065 par
790 3996 839 4052 des
862 3995 1051 4065 degradations
1075 3985 1251 4046 successivos.
1281 3977 1398 4030 micuit,

368 4075 408 4128 1⁰¹
419 4073 498 4130 blem.
513 4074 595 4129 suria
606 4073 710 4144 legion,
725 4092 753 4146 p.
765 4079 816 4134 u77
828 4085 855 4132 et
867 4079 928 4132 non,
