3182 4978
655 451 663 461 '
770 441 949 508 -l8..

338 573 387 638 dis
401 585 433 640 et
455 575 667 638 contumactae
689 575 850 640 iaciebant
867 577 1068 658 magistratus
1078 577 1098 644 ¹.
1127 581 1191 644 Nec
1212 585 1315 666 major
1336 589 1367 650 in

338 688 561 741 veteranorum
579 674 652 738 liliis
668 685 700 739 et
714 675 773 740 bae
790 677 918 740 militari
934 688 1050 760 gente,
1069 695 1165 762 quam
1179 684 1298 763 praeliis
1313 707 1369 751 re-

336 795 463 842 servare
474 775 642 840 voluerant
656 775 887 858 Imperatores,
901 775 1017 844 fiducia
1033 765 1103 844 esse
1118 792 1254 862 poterat.
1275 785 1367 864 eros

337 878 421 942 enim
443 903 454 936 ι
469 876 590 941 militiae
604 877 695 958 origo
708 877 938 959 consignabat·
955 889 987 944 et
1001 881 1132 962 praemia
1145 882 1185 945 ad
1197 902 1286 950 arma
1307 906 1366 951 vo-

336 979 454 1044 cabant
464 979 488 1055 ¹,
511 995 576 1042 non
598 995 691 1042 secus
705 997 743 1042 ac
767 979 873 1043 coloni
894 991 1127 1046 sacramentum
1148 987 1367 1065 aspernaban-

335 1079 419 1146 tur⁸.
464 1091 469 1100 '

381 1181 500 1261 Nempe
524 1179 619 1244 etiam
647 1189 721 1261 post
745 1179 1000 1246 emendationem
1024 1201 1042 1245 a
1069 1183 1270 1252 Diocletiano
1296 1189 1366 1254 lac-

334 1294 399 1346 tam
426 1291 490 1344 tam
517 1278 645 1344 difficile
672 1289 742 1344 erat
767 1280 942 1346 exercitum
971 1283 1120 1364 supplere
1147 1304 1241 1367 quam
1265 1307 1364 1370 quum

253 1405 254 1412 ¹
334 1382 481 1446 maxime.
507 1379 615 1459 Quum
638 1379 733 1460 igitur
749 1397 801 1443 res
818 1381 896 1444 tanti
918 1379 1038 1448 laboris
1059 1386 1214 1460 esset,in
1231 1404 1366 1452 conser-

334 1481 439 1546 vando
454 1480 553 1544 milite
569 1479 728 1544 cautiores
749 1479 914 1562 Principes
931 1493 1040 1558 erant,
1057 1485 1143 1564 quod
1159 1486 1238 1568 lmp.
1260 1487 1365 1553 Cons-

332 1581 434 1648 tantio
450 1579 576 1644 crimini
592 1579 686 1642 vertit
707 1577 895 1646 Ammianus
907 1589 927 1644 ⁸.
946 1581 1052 1665 Atque
1068 1585 1163 1648 etiam
1187 1604 1227 1649 ue
1247 1591 1365 1654 tumul-

332 1682 477 1758 tuarios,
498 1680 524 1743 si
547 1677 630 1744 bella
654 1678 779 1760 longius
799 1679 1066 1760 producerentur,
1089 1683 1231 1749 delectus
1249 1705 1361 1767 agere,

332 1792 365 1846 et
379 1782 498 1846 inertes
514 1779 802 1861 inexercitatosque
816 1782 939 1846 tirones
949 1784 1045 1847 armis
1060 1801 1196 1852 onerare
1212 1805 1362 1870 cogeren-

331 1891 397 1957 tur,
416 1889 564 1944 revocata
581 1877 705 1942 Claudii
725 1879 815 1960 lege,
830 1880 1045 1948 decrescentes
1061 1884 1273 1952 instituerunt.
1294 1887 1361 1952 Sci-

331 1982 406 2047 licet
425 1977 578 2044 «centeni
596 1989 651 2042 aut
668 1977 882 2061 quinquageni
891 1979 1058 2062 juniores,
1078 1996 1166 2050 extra
1182 1987 1241 2052 bos
1255 1989 1308 2070 qui
1326 1989 1357 2050 in

331 2079 539 2146 »matriculis
561 2077 823 2155 continebantur,
854 2078 1055 2147 habebantur
1082 2085 1114 2147 in
1138 2099 1303 2170 promptu,
1324 2099 1356 2148 et

329 2210 341 2244 ι
363 2182 460 2247 armis
469 2178 600 2246 exerciti
612 2178 759 2244 inlocum
775 2180 965 2245 amissorum
979 2181 1115 2249 militum
1125 2187 1285 2268 subrogari
1293 2202 1354 2268 po-

329 2283 526 2348 sterantt»
550 2277 612 2342 Sed
632 2279 700 2343 haec
722 2280 842 2360 optima
861 2280 932 2358 lex,
957 2298 1021 2363 qua
1037 2282 1106 2364 jam
1129 2287 1192 2352 allo
1214 2298 1356 2369 ternpore

328 2393 424 2465 atque
444 2381 539 2446 etiam
559 2387 632 2444 ante
655 2378 871 2460 Principatum
893 2379 1027 2463 Augusti
1037 2379 1061 2461 ⁶,
1082 2385 1129 2448 usi
1144 2386 1272 2449 fuerant
1287 2387 1356 2452 Ro-

328 2483 412 2548 mani
423 2529 435 2562 ,
460 2499 526 2548 non
548 2478 713 2545 observata
734 2467 840 2544 luisse'
855 2479 996 2558 videtur,
1019 2495 1055 2547 ut
1075 2481 1172 2566 liquet
1193 2502 1231 2548 ex
1256 2485 1353 2550 veteri

327 2584 466 2667 quodam
482 2583 639 2663 scriptore
654 2581 781 2646 Notitiae
793 2579 989 2662 Dignitatum
1005 2583 1132 2648 subdito
1143 2585 1166 2661 ⁷,
1182 2594 1215 2650 et
1232 2585 1265 2648 in
1279 2584 1356 2650 lus-

326 2683 439 2746 tiniani
454 2681 566 2747 codice
581 2681 679 2745 deest

370 2783 486 2849 Omnia
502 2782 555 2847 illa
570 2782 785 2864 experimenta
801 2781 832 2844 in
849 2781 953 2848 lucem
972 2781 1176 2866 proferebant
1190 2781 1355 2848 lassitudi-

326 2902 399 2948 nem
420 2882 685 2958 Prouincialium,
707 2892 740 2947 et
759 2882 975 2948 Romanarum
993 2883 1107 2948 virium
1129 2882 1351 2950 delectionem.

325 2984 407 3048 lluie
423 2993 529 3046 autem
551 2981 635 3046 malo
656 2997 721 3046 nen
746 2982 848 3047 solum
872 2982 1036 3065 Principes
1057 2984 1112 3048 sed
1130 2984 1224 3047 etiam
1240 2984 1353 3065 privati

324 3083 471 3148 homines
487 3082 628 3146 remedia
643 3083 875 3165 quaesiverunt3
893 3101 1031 3168 quorum
1049 3099 1130 3147 unus
1148 3082 1276 3148 Flavius
1290 3083 1355 3150 Ve-

323 3183 426 3265 getins
449 3183 589 3250 chatus
605 3181 746 3265 quinque
767 3180 867 3246 libros
887 3181 990 3248 delle
1012 3179 1140 3245 militari
1164 3182 1304 3264 scripsit,
1323 3194 1355 3246 et

323 3283 511 3365 Imperatori
526 3282 752 3349 Valentiniano
771 3283 896 3346 dicavit.
918 3281 981 3347 Sed
1003 3282 1080 3347 illud
1099 3299 1191 3364 opus,
1211 3283 1353 3364 quamvis

321 3384 452 3467 plenum
464 3385 680 3466 refertumque
696 3383 843 3465 pretiosis
859 3384 1060 3450 documentis
1071 3430 1081 3459 ,
1092 3394 1123 3447 et
1133 3382 1267 3465 perutile
1278 3399 1354 3464 pos-

356 3585 365 3615 ¹
379 3585 410 3638 ln
423 3555 474 3638 bac
486 3597 568 3655 poena
581 3584 616 3638 sit
627 3584 746 3652 effictum
757 3582 969 3653 uniuscujusque
977 3581 1087 3654 judicis.
1102 3581 1120 3637 l.
1136 3585 1168 3670 l,

356 3680 367 3712 2

355 3762 366 3794 ³
378 3679 473 3818 Elige
491 3755 571 3816 xxu
585 3760 620 3816 de
632 3759 706 3815 Filiis
717 3759 871 3816 militarium
885 3753 1069 3833 apparitorum
1081 3766 1109 3816 et
1121 3765 1320 3816 veteranorum.

354 3845 466 3899 'dmm
478 3844 558 3911 XXI,
568 3843 686 3911 xtra.

355 3923 444 3980 ‘uod
458 3924 561 3980 Theod.
576 3925 636 3992 Vll,
650 3924 691 3979 tit.
707 3928 728 3979 l.
745 3924 762 3980 l.
780 3927 822 3982 ll.

354 4007 365 4039 ⁸
377 4006 465 4061 Nono.
477 4022 511 4062 ex
523 4006 675 4063 lamonia
687 4006 833 4078 optiones,
847 4006 887 4060 Cl.
901 4009 1017 4074 meede,
1031 4007 1070 4062 lle
1085 4003 1168 4062 mem.
1180 4020 1208 4074 p.
1223 4005 1284 4060 5115.

354 4090 363 4121 ’
378 4089 443 4158 Cap.
458 4087 520 4144 odo
533 4087 679 4145 relevando
690 4089 796 4146 militari
810 4094 929 4159 sumptu.
