3182 4978
695 427 874 490 ...⁹23-

268 578 371 642 tiones
386 563 588 644 muuerum',
604 576 819 642 commeatus,
835 565 989 630 beneficia
1000 563 1023 642 ¹,
1040 567 1226 644 missiones,
1244 569 1299 634 de-

267 676 423 741 scitiores
434 681 615 751 mortesque
627 669 659 730 iu
670 685 802 750 parvum
812 669 1177 750 muoipeamnumerum
1189 671 1299 735 omnia

268 789 367 837 ouem
380 769 500 833 militiae
513 765 717 830 inclinabant.

312 871 420 953 ltaque
435 879 509 951 post
522 868 649 950 longam
665 883 776 948 pacem
793 867 950 932 veteranis
967 878 1089 931 tautum
1106 866 1300 934 constabant

267 973 429 1056 legiones,
451 969 631 1052 etquidem
656 967 886 1046 inexercitatis,
912 969 966 1050 qui
989 968 1211 1051 plerumque«
1232 987 1297 1034 uon
1383 1007 1391 1022 ·

270 1100 284 1133 ι
304 1074 492 1148 stationem,
512 1088 577 1135 uon
595 1068 715 1150 vigilias
734 1069 884 1146 inissent,
905 1069 1021 1134 vallum
1034 1070 1195 1134 etlossam
1207 1074 1298 1152 quasi

271 1159 406 1250 s'uora,
423 1182 456 1236 et
469 1172 548 1235 mira
568 1167 735 1235 viserent
757 1195 769 1230 ι
790 1170 895 1234 Prima
918 1170 1013 1252 igitur
1030 1167 1299 1235 belli'curaacer·

266 1273 420 1338 bissimos.
438 1273 586 1338 festinare
601 1271 642 1336 ad
657 1271 870 1353 supplendum
891 1271 1067 1336 exercitum
1084 1268 1227 1337 delectus
1238 1319 1249 1349 ,
1259 1265 1300 1336 'ct

266 1391 417 1439 revocare
447 1383 616 1438 veteranos
634 1378 655 1436 ¹.
691 1373 762 1438 Non
791 1373 823 1434 iu
851 1370 940 1435 ltalia
968 1383 1057 1437 actos
1085 1373 1199 1450 luisse,
1227 1383 1300 1455 post

266 1475 428 1540 eonditum
444 1474 680 1556 principatum,
696 1473 837 1538 delectus
853 1471 1036 1537 existimant
1050 1472 1141 1538 multi
1159 1473 1298 1556 scripto·

267 1590 318 1638 res
325 1569 348 1650 ⁸,
364 1574 420 1638 sed
435 1585 545 1638 crraut
560 1575 592 1636 iu
605 1571 913 1654 quibusdamverbis
923 1572 1098 1638 Herodiaui
1112 1569 1136 1651 ⁶,
1148 1574 1204 1656 qui
1216 1569 1299 1656 ipse·

265 1685 331 1738 met
350 1674 390 1740 (le
408 1673 584 1740 delectibus
609 1671 775 1756 perillam
795 1671 960 1753 cepionem
978 1672 1096 1737 habitis
1119 1673 1262 1756 loquitur
1273 1671 1293 1737 ⁷.

264 1775 420 1842 Praeterea
435 1775 542 1840 caeteri
560 1775 737 1856 scriptores
750 1782 783 1836 et
798 1773 1022 1854 inscriptiones
1036 1793 1054 1838 a
1069 1773 1210 1839 Grutoro
1226 1773 1300 1838 ool-³

267 1875 357 1942 lectae
386 1877 589 1958 conscriptos
622 1875 719 1940 luisse
745 1892 972 1956 saepenumero
998 1875 1031 1938 iu
1061 1875 1150 1939 ltalia
1176 1876 1299 1940 tirones

267 1986 448 2052 monstrant
463 1974 483 2041 ⁸.
514 1976 585 2041 Nou
606 1987 654 2042 est
675 1987 782 2041 mmeu
803 1974 936 2040 dubium
963 1975 1043 2057 quio
1060 1975 1207 2058 regiones
1228 1975 1299 2039 alias
1373 2021 1376 2027 ,

262 2076 470 2159 probatiores
493 2077 682 2143 exhiberent
699 2077 838 2153 militcs3
865 2094 939 2140 uam
958 2076 1110 2158 Hispania
1133 2087 1166 2140 et
1188 2075 1299 2142 Galliae

264 2179 376 2258 primis
390 2180 519 2260 Imperii
535 2180 673 2253 saeculis,
690 2176 1036 2258 illyricum‚Panuonia
1052 2187 1088 2241 et
1098 2177 1234 2242 Thracia
1246 2179 1296 2243 ul-

264 2279 363 2357 timis,
376 2281 466 2362 quasi
479 2281 613 2344 militum
626 2279 946 2345 seminariasueramt.
964 2279 1211 2363 Quaprortmae
1219 2282 1298 2348 Bar-

262 2379 355 2445 buris
364 2399 526 2448 armorum
546 2381 802 2448 usum-babuisse
825 2383 986 2459 videntur,
1004 2395 1059 2460 ut,
1077 2387 1104 2448 si
1121 2387 1296 2450 necessitas

262 2482 1268 2564 posceret,tumultuariisearumcopiisbostcsrepellerentur⁹.

233 2648 241 2666 ,
306 2578 349 2643 At
367 2580 556 2663 plerumque
580 2580 723 2662 legiones
742 2579 974 2664 supplebantur
999 2583 1106 2648 tirone
1128 2585 1160 2648 iu
1184 2585 1296 2650 eadem

262 2680 445 2760 provincia,
463 2683 496 2746 iu
511 2701 573 2766 qua
588 2681 817 2760 considebant,
829 2693 885 2748 aut
902 2684 934 2746 in
946 2685 1113 2766 proximis,
1131 2683 1298 2770 conscrip-

260 2789 294 2842 to
306 2777 347 2844 ⁴⁰:
366 2783 439 2859 sed,
454 2783 481 2846 si
497 2801 579 2865 opus
595 2794 679 2848 esset
701 2793 906 2848 extenuatum
921 2786 1096 2850 exercitum
1115 2788 1184 2852 siue
1205 2805 1296 2852 mora

296 3000 372 3058 *Por
385 3001 526 3060 latrocinia
540 3010 567 3060 ct
586 3010 680 3077 raptus
693 3010 739 3060 aut
752 3005 896 3063 servilibus
911 3009 1067 3068 ministeriis
1078 3011 1162 3068 otium
1175 3012 1296 3071 rodimu-

259 3085 335 3142 bant.
349 3086 414 3142 Tac.
428 3086 497 3144 Hist.
511 3087 533 3156 l,
547 3089 593 3156 lli,
605 3090 650 3146 tta.
666 3087 761 3146 annal.
776 3089 798 3158 l,
815 3091 858 3159 l7,
871 3093 916 3148 ab.

296 3167 307 3199 ¹
320 3165 430 3235 Festus,
444 3168 521 3224 verb.
536 3170 737 3228 Beneficiarius.

293 3249 388 3304 ³Tac.
411 3249 509 3307 bnual.
535 3253 606 3322 Xlll,
630 3255 674 3311 sl.

293 3332 383 3388 'Tac
405 3333 475 3390 llisl.
501 3336 535 3404 ss,
561 3337 606 3393 ol.

293 3415 303 3445 ¹⁵
316 3417 389 3470 lutor
401 3430 470 3486 quos
479 3418 592 3473 bebecre.

291 3498 305 3530 ⁸
322 3487 465 3563 Ἰταλιώτας
474 3509 516 3568 μὶν
527 3513 606 3556 πόνων
623 3511 742 3562 hinorum
752 3511 791 3562 καὶ
805 3519 854 3561 τῶν
865 3513 945 3562 ὃπλων
957 3515 1085 3576 ὶγύμνωσι.
1098 3508 1197 3567 Herod.
1205 3513 1238 3582 ΙΙ,
1249 3518 1291 3572 Η.

291 3579 302 3611 ⁷
322 3575 362 3634 'lta
382 3601 410 3633 τι
429 3591 478 3633 τῶν
498 3585 563 3634 κατὰ
580 3591 625 3642 τὴν
648 3576 754 3640 Ἰταλίαν
785 3593 876 3640 uoltus
897 3601 991 3651 νεανίας
1014 3604 1230 3661 μεταπεμπόμενος
1250 3605 1291 3652 καὶ

257 3653 580 3794 ’Ἶαᾶἷῗιῦῖζέῃωῖἓὶιιῗ
601 3658 693 3796 ramo
717 3744 728 3797 l

291 3821 302 3853 ⁹
315 3820 379 3875 Tac.
393 3752 675 3891 pasg.0as{ell’i¹{1'uod
688 3781 751 3880 oliro
764 3825 878 3883 llolvotii
893 3829 950 3884 suis
962 3827 1092 3888 militibus
1105 3847 1137 3888 ac
1150 3833 1299 3906 stipendiis.

257 3900 410 3960 tuebantur.
420 3903 484 3958 Tac.
497 3901 565 3958 Hist.
578 3901 655 3971 1,o⁷.
670 3905 792 3978 ipsorum
804 3910 939 3968 liaetorum
947 3909 1091 3984 juventus,
1104 3921 1180 3973 sucta
1191 3918 1289 3983 armis,

258 3990 284 4038 et
297 3999 370 4039 moro
383 3983 485 4042 militiae
496 3987 625 4056 exercita,
641 3989 662 4053 l,
674 3990 717 4046 68.
817 4019 820 4027 ·

293 4067 316 4100 ⁴⁰
330 4065 390 4120 Vid.
404 4082 495 4137 supra.
