3182 4978
672 435 828 496 ..7-

226 583 366 666 primum
381 574 504 642 civibus
524 589 598 637 mox
616 580 648 635 et
663 569 914 652 provincialibus
936 580 1133 636 sacramenta
1148 587 1261 653 asper-

227 681 396 754 nantibus,
415 671 783 754 externisssarbarisque
799 671 894 736 unice
910 671 1083 736 condatum
1100 671 1150 735 siu

271 782 308 845 ld
332 779 428 860 igitur
448 774 542 840 nobis
565 772 799 855 explanandum
821 771 1052 854 proponimus,
1068 789 1131 854 qua
1151 789 1262 836 rerum

228 880 310 945 serie
333 880 496 946 Romanus
521 874 700 950 exercitus,
726 873 866 956 primum
888 871 1012 937 civibus
1037 872 1262 939 tantummodo

227 989 396 1056 constans,
412 975 529 1040 deinde
545 974 668 1039 civibus
690 983 723 1038 et
742 972 867 1037 auxiliis
883 973 1006 1049 mixtis,
1027 972 1157 1037 tandem
1177 974 1262 1039 Bur-

225 1080 312 1151 baris
327 1080 393 1144 iere
407 1087 492 1142 totus
503 1075 701 1158 compositus
714 1073 823 1139 fuerit.
836 1073 947 1156 Itaque
959 1072 999 1138 ab
1009 1071 1142 1138 Aeliam
1153 1091 1260 1156 pugno

227 1179 353 1244 initium
374 1178 551 1254 iacientes,
569 1177 641 1259 quis
661 1184 744 1240 esset
764 1174 924 1252 delectus,
941 1184 1097 1256 pereunte
1118 1174 1263 1242 Romana

227 1279 510 1362 libertate,.prim0
525 1277 604 1342 loeo
614 1289 832 1360 exponemus3
850 1276 1013 1353 seeundo,
1031 1276 1103 1359 quis
1119 1275 1146 1339 is
1159 1276 1262 1341 lactus

227 1383 285 1457 sit,
302 1381 449 1446 instituto
461 1378 666 1460 Principatu3
680 1375 797 1452 tertio,
808 1385 844 1440 ut
860 1377 993 1440 omnino
1010 1386 1151 1442 mutatus
1167 1377 1265 1444 luerit

226 1502 245 1545 a
267 1479 468 1547 Diocletiano
492 1488 528 1544 er
551 1475 781 1552 Constantino,
802 1485 920 1560 utque,
944 1495 1043 1560 quum
1064 1477 1111 1541 sio
1135 1494 1264 1560 quoque

226 1581 309 1646 male
324 1581 473 1656 cesserit,
486 1579 616 1646 tandem
628 1578 669 1641 ad
680 1576 860 1654 Barbaros,
874 1588 909 1642 ut
922 1577 963 1642 ad
975 1578 1105 1642 ultimos
1118 1578 1262 1656 tirones,
1353 1571 1354 1575 ’

226 1679 545 1764 prorsusimperium
562 1696 597 1742 se
614 1677 817 1742 converterit.

269 1781 316 1846 Ex
329 1798 369 1846 eo
385 1779 592 1844 manifestum
599 1778 743 1842 futurum
755 1795 824 1842 esse
836 1777 973 1854 videtur,
987 1777 1132 1842 omnium
1144 1778 1263 1843 civium

225 1881 404 1956 delectum,
419 1893 516 1962 quem
530 1877 803 1960 agebuntvoteros
819 1877 972 1955 Romani,
988 1891 1054 1943 uon
1075 1877 1137 1942 nisi
1154 1875 1188 1942 iu
1203 1877 1265 1946 Re·

225 1980 498 2061 rumpublieorum
513 1978 714 2061 primordiis,
733 1987 766 2042 el
779 1978 865 2059 apud
879 1989 990 2059 gentes
1010 1988 1102 2043 aetnte
1123 1989 1156 2042 et
1177 1978 1264 2045 bello

136 2117 139 2124 ·
225 2081 488 2162 florentesvigere
498 2097 610 2162 posse,
628 2096 830 2163 nequaquam
842 2079 927 2161 apud
937 2079 1076 2161 populos
1091 2078 1263 2144 humanio-

225 2178 314 2244 ribus
325 2177 469 2243 moribus
479 2187 512 2241 er
527 2177 681 2240 institutis
690 2174 846 2249 excultum
861 2175 1025 2254 usquehuc
1039 2174 1257 2239 constituendi

225 2277 383 2340 exereitus
402 2277 527 2340 ratione
542 2291 671 2344 omnem
687 2271 831 2336 militium
850 2273 1032 2338 necessario
1048 2273 1144 2339 dilabi
1161 2285 1258 2358 utque

227 2375 377 2453 interire,
393 2393 493 2458 quum
504 2374 614 2439 civitas
629 2373 661 2458 in
672 2373 785 2437 studiis
796 2382 829 2438 et
840 2371 962 2438 artibus
971 2373 1060 2455 pacis
1071 2374 1253 2456 profecerit

222 2476 305 2542 lllud
325 2477 411 2541 enim
430 2475 561 2559 planum
584 2474 660 2540 iacit
685 2474 905 2542 Romanorum
927 2473 1107 2554 exemplum
1131 2479 1264 2558 experi-

222 2585 450 2656 mentumque,
475 2575 530 2656 qui
552 2571 711 2654 primum,
736 2569 879 2652 Augusto
907 2583 1077 2653 regnante,
1100 2575 1261 2653 subitum,

225 2685 262 2742 ut
282 2675 325 2739 itu
345 2671 472 2751 diuum,
493 2672 653 2738 delectum
675 2671 708 2735 ln
730 2669 987 2754 supplementum
1008 2685 1261 2754 converterunt,

222 2777 374 2842 institutis
398 2774 577 2857 legionibus
598 2771 763 2856 perpetuis
787 2781 819 2834 et
843 2771 1032 2850 stabilibus,
1055 2774 1130 2840 dein
1158 2787 1268 2844 rorum.

222 2876 381 2958 deligendi
399 2875 530 2939 modum
545 2881 767 2950 mutaverunt,
783 2879 816 2936 et
833 2872 955 2937 tirones
970 2886 1035 2938 non
1052 2877 1140 2938 omni
1159 2877 1262 2940 bomi-

223 2992 300 3040 num
321 2973 517 3050 oondirioni,
537 2971 593 3036 sed
615 2971 779 3037 nonnullis
795 2981 919 3040 tuntum
940 2972 1109 3044 ordinibus
1131 2974 1265 3041 indue-⁷

229 3087 315 3142 runi.
