3170 4984
567 1179 679 1280 rtis
715 1180 902 1282 rrtrtt.

247 1742 291 1798 DE
304 1741 460 1802 TIRONUM
479 1741 696 1800 COLLATIONE
713 1741 756 1796 ET
768 1740 959 1800 EXERCITUS
977 1741 1221 1802 SUPPLEMENTO

502 1839 589 1900 POST
608 1839 676 1896 IMP.
696 1837 961 1897 DIOCLETIANUM.

256 2411 351 2498 Initio
367 2430 475 2478 rerum
490 2382 798 2492 Rorranarumpars
809 2419 878 2473 erat
895 2410 996 2474 civilis
1012 2411 1108 2475 officii
1120 2411 1245 2496 militia,

213 2521 245 2574 et
270 2529 306 2574 ea
321 2511 474 2574 duntaxat
492 2511 649 2574 immunes
672 2520 779 2586 erant,
804 2509 880 2590 qui,
903 2525 1004 2592 quum
1025 2501 1109 2574 nihii
1123 2511 1246 2596 proprii

213 2611 433 2691 possiderent,
449 2611 516 2676 sere
532 2609 651 2674 nullius
664 2607 759 2694 pretii
777 2610 810 2672 in
826 2605 1002 2692 Republica
1017 2621 1112 2676 erant
1125 2623 1158 2676 et
1172 2621 1247 2676 tan-

174 2733 177 2739 ·
211 2721 277 2774 tum
297 2712 400 2792 eapite
415 2722 447 2776 et
464 2711 556 2794 prole
574 2710 801 2777 censebantur.
822 2712 891 2775 Hor
909 2711 1088 2774 institutum
1107 2731 1125 2776 a
1144 2713 1261 2800 Mariae

210 2813 351 2892 primum
368 2823 524 2875 mutatum
537 2810 616 2888 fuit,
630 2809 687 2892 qui
697 2810 889 2893 proletarios
901 2811 1112 2892 conscripsit,
1125 2824 1157 2876 et
1168 2825 1245 2897 carr·

93 2959 97 2966 .
206 2911 319 2990 Ju-neta
334 2921 382 2974 est
395 2929 470 2974 eum
485 2911 545 2974 hae
561 2911 736 2973 mutatione
748 2909 946 2990 Reipublicae
958 2912 1128 2993 pernicies.
1194 2906 1196 2912 ’

253 3006 350 3088 Legio
366 3008 451 3072 enim
470 3025 535 3073 non
553 3006 614 3070 iuit
629 3006 769 3088 amplius
789 3007 888 3070 civilis
908 3011 1087 3088 exercitus,
1111 3013 1167 3077 sed
1182 3029 1243 3096 pa-

207 3108 279 3190 triae
295 3109 410 3172 exinde
427 3107 517 3189 quasi
534 3107 658 3170 alienus
666 3153 677 3184 ,
701 3118 733 3170 et
752 3124 850 3189 quum
872 3109 1061 3176 omnianon
1077 3112 1118 3176 ad
1133 3113 1242 3194 pubii-

208 3225 277 3272 eam
299 3207 355 3272 sed
376 3207 416 3271 ad
439 3226 528 3272 suam
552 3207 718 3272 utilitatem
740 3209 897 3284 referret,
922 3211 987 3274 suis
1006 3209 1142 3277 ducibus
1161 3232 1241 3295 pro-

206 3310 289 3374 nior.
310 3309 392 3373 Hinc
407 3318 455 3373 tot
470 3309 559 3374 suere
575 3309 607 3371 in
625 3309 752 3374 civitate
767 3320 893 3390 partes,
912 3323 992 3393 quot
1007 3313 1237 3394 imperatores,

206 3417 239 3468 et
253 3407 434 3484 translatis,
451 3419 487 3471 ut
498 3410 540 3472 ita
551 3409 677 3486 dicam,
696 3411 728 3472 in
746 3419 850 3472 castra
862 3410 934 3472 iero
951 3421 983 3472 et
998 3412 1151 3488 comitiis,
1166 3430 1239 3496 post

206 3504 388 3570 tribunitias
403 3509 559 3586 proeellas
576 3529 663 3573 arma
681 3509 784 3573 civilia
797 3508 1039 3591 Rempubiicam
1058 3514 1236 3596 exagitave-

204 3618 288 3672 runt.
304 3607 394 3672 Tune
412 3618 533 3682 autem,
555 3621 589 3672 ut
608 3613 776 3690 profitetur
789 3612 932 3688 Tacitus,
951 3639 963 3672 α
980 3630 1108 3678 omnem
1124 3628 1236 3697 potes-

209 3717 332 3770 »tatem
349 3707 390 3770 ad
409 3724 508 3770 unum
526 3707 665 3771 conferri
680 3710 767 3788 pacis
781 3711 926 3800 interierit
938 3709 957 3775 ¹.
979 3739 992 3771 a
1045 3783 1047 3788 ¹

247 3807 359 3870 Postea
375 3825 451 3872 vero
469 3809 568 3890 magis
589 3827 625 3872 ac
647 3809 745 3890 magis
768 3811 800 3872 in
821 3811 888 3875 dies
907 3812 1039 3878 invaluit
1054 3816 1138 3880 inter
1154 3819 1234 3882 civi-

237 4005 325 4062 4Τειο.
338 3989 406 4062 nist.
420 4011 442 4067 1,
457 4012 481 4062 1.

1098 4103 1116 4162 3
