3182 4978
765 449 941 516 ..110-

333 591 498 663 huerunt‘.
509 593 579 659 Hoc
588 603 692 658 autem
706 593 802 658 modo
813 593 1065 658 exhibendorum
1072 593 1363 679 juniorum'munus

334 700 366 762 in
381 713 581 781 possessores
593 694 851 761 describebatur:
863 713 978 778 nempe
989 696 1174 760 tirocinium
1187 697 1362 778 imperabat

332 797 485 880 Princeps
502 807 535 861 et
546 795 757 862 indictionem
771 798 942 862 intimabat
956 797 1097 862 Praetorii
1109 797 1272 862 Praeieotis
1283 800 1307 873 ¹,
1327 809 1363 862 ut

336 915 438 962 «eam
462 897 502 961 ad
531 897 674 962 omnium
709 895 947 978 provinciarum
983 897 1128 962 notitiam
1159 897 1362 980 pragmaticis

331 999 443 1064 edictis
458 997 626 1081 pervenire
647 997 790 1061 iacerent
802 999 821 1060 ³.
842 1022 854 1056 ι
877 995 1000 1062 Deinde
1024 998 1057 1060 in
1073 997 1215 1080 singulos
1231 1015 1363 1079 posses-

331 1115 439 1176 sores,
452 1099 500 1166 vel
517 1099 625 1183 potius
641 1099 674 1161 in
691 1107 858 1163 consortes
870 1097 881 1182 (
892 1109 929 1163 ut
937 1096 1079 1164 Valentis
1095 1097 1277 1180 supradicta
1293 1098 1362 1180 lege

331 1199 517 1286 statuitur),
533 1215 686 1264 numerus
697 1199 839 1262 tironum
854 1217 893 1263 ex
908 1201 1092 1266 cocomario
1108 1199 1269 1262 civitatum
1281 1197 1361 1262 diui-

329 1297 477 1376 debatur,
494 1309 526 1364 et
540 1309 709 1382 postquam
725 1297 793 1363 haec
804 1299 977 1380 descriptio
987 1299 1020 1361 in
1033 1308 1104 1363 acta
1118 1297 1359 1364 Prouinciarum

328 1397 489 1466 insinuate
509 1411 598 1477 erat,
626 1410 658 1465 et
681 1427 693 1460 ι
714 1419 752 1464 er
773 1401 946 1468 Rectorum
969 1400 1133 1464 sententiis
1152 1407 1279 1478 recepta
1294 1393 1358 1474 ’,ι

328 1509 493 1565 exactores
507 1501 647 1565 tirocinii
663 1519 681 1563 a
698 1500 856 1565 tabulario
870 1501 1005 1564 civitatis
1021 1501 1122 1566 breues
1137 1497 1358 1580 accipiebant,

327 1598 492 1682 inquibus
511 1617 710 1684 possessores
725 1600 846 1668 tributo
865 1600 995 1667 obnoxii
1011 1600 1199 1666 nominatim
1216 1601 1360 1664 conscri-

327 1697 486 1766 bebantur
498 1695 523 1778 ⁵,
548 1713 580 1766 et
594 1713 671 1767 tunc
686 1703 863 1768 debitorem
894 1703 980 1786 (hoc
1006 1703 1090 1766 enim
1107 1699 1264 1765 vocabulo
1288 1700 1360 1764 coi-

327 1801 445 1865 latores
458 1801 601 1882 designat
606 1803 661 1885 jus
672 1803 871 1888 Romanum)
888 1801 1120 1866 conveniebant
1132 1803 1155 1876 ⁸,
1170 1811 1202 1865 ct
1218 1801 1263 1864 eis
1277 1815 1359 1867 com-

326 1903 503 1982 petitionem
519 1902 638 1967 dabant
652 1899 673 1966 '.
692 1903 885 1970 Exactorum
906 1913 1012 1968 autern
1028 1921 1144 1966 munus
1161 1912 1272 1984 utpote
1288 1919 1357 1966 sor·

304 1988 316 2030 ³
326 1997 436 2063 didum
449 1999 482 2062 itt
496 2001 633 2067 curiales
649 2003 874 2081 incumbebat,
890 2016 923 2068 et
939 2023 1012 2068 cum
1025 2003 1213 2068 temonariis
1228 2003 1357 2068 nomiae

307 2103 596 2181 'capitulariorum
618 2103 950 2187 comprehendebatur
963 2104 983 2168 ⁸.
1006 2098 1145 2187 Recepta
1167 2122 1245 2169 vero
1268 2122 1352 2168 com-

324 2197 494 2282 pulsione,
525 2203 764 2283 possessoribus
792 2203 962 2270 exhibendi
989 2216 1080 2270 erant
1107 2199 1248 2281 tirones,
1277 2221 1352 2288 quos

327 2298 414 2361 unde
429 2313 612 2377 sumerent,
629 2305 661 2364 in
678 2303 778 2367 dubio
796 2316 853 2369 est.
871 2305 1023 2373 iuniores
1037 2325 1146 2374 nonne
1160 2328 1198 2373 ex
1214 2308 1360 2387 adscrip-

326 2396 404 2460 titiis
419 2396 543 2464 colonis
559 2401 770 2479 ducebantur,
784 2415 819 2468 ut
833 2406 992 2471 aiiirrnant
1003 2409 1067 2474 dito
1082 2408 1254 2476 doctissimi
1265 2408 1323 2468 viri
1331 2415 1354 2480 ⁹,

324 2516 463 2580 quorum
492 2501 635 2566 altered
660 2503 740 2586 juris
759 2505 894 2572 Romani
915 2508 1078 2574 historiam
1103 2529 1136 2575 se
1158 2505 1355 2592 potissimum

324 2599 501 2682 applicuit?
517 2600 601 2668 Sane
626 2606 755 2686 quidem
777 2626 842 2672 non
862 2611 1053 2688 cogitatione
1077 2610 1258 2690 concipitur
1272 2623 1358 2690 quo-

324 2699 421 2764 modo
437 2700 529 2765 aliter
545 2703 612 2768 lieri
628 2707 786 2786 potuerit,
804 2725 903 2790 quum
918 2707 998 2786 Imp.
1020 2704 1134 2769 Valens
1146 2708 1179 2767 in
1193 2706 1358 2770 Constitu·

324 2797 412 2864 tione
423 2799 700 2888 Constantinopoli
717 2808 809 2884 datu,
823 2823 970 2889 expresse
978 2803 1062 2868 dicat
1073 2815 1111 2866 τι
1125 2803 1199 2869 Sive
1212 2815 1353 2881 senator,

328 2926 341 2957 »
356 2899 558 2983 Honoratus,
571 2906 776 2990 Principalis,
792 2907 931 2972 Decorio
943 2906 991 2971 vel
1003 2905 1151 2972 Plebeius
1166 2905 1305 2971 tironem
1317 2925 1356 2970 ex

328 3025 340 3058 ι
354 3017 430 3080 agro
445 3013 477 3065 et
489 3005 587 3070 domo
602 3009 732 3089 propria
750 3007 917 3074 oblaturus
930 3019 977 3073 est
991 3003 1022 3071 ⁴⁰.
1046 3033 1058 3067 n
1075 3007 1157 3082 Sed,
1177 3023 1275 3088 quum
1292 3005 1351 3066 alia

358 3221 447 3278 ‘Cod
461 3223 512 3281 Th.
526 3225 566 3282 lb.
581 3227 600 3283 l.
614 3231 647 3285 ih
659 3236 686 3286 et
698 3234 741 3287 tt.

358 3303 421 3360 ’ih
434 3305 474 3362 Ci.
489 3307 554 3364 cod.
570 3309 607 3378 X,
622 3313 663 3368 tit.
677 3313 765 3382 XVll,
781 3315 799 3370 1.
813 3319 839 3371 i.

358 3385 517 3447 'valentin
531 3393 580 3447 111.
593 3393 664 3449 inter
675 3395 781 3453 Novell.
795 3396 949 3464 Theodosii,
963 3397 1034 3462 ΧΗ,
1048 3396 1065 3454 i.
1080 3400 1105 3450 5.
1168 3430 1171 3438 ,

357 3468 447 3528 ‘Cod
461 3471 480 3528 l.
493 3473 530 3544 X,
546 3475 586 3532 tit.
599 3477 676 3546 XXI,
691 3477 709 3536 l.
725 3481 750 3534 l.

357 3551 543 3692 ἰξὲυῗὲωιῑίη.
559 3574 603 3629 ap.
619 3561 685 3617 (lod.
700 3560 719 3617 l.
733 3562 770 3630 X,
784 3563 825 3618 iit.
840 3563 889 3630 1x,
902 3563 920 3618 l.
938 3565 962 3619 l.

356 3718 367 3750 ⁷
380 3717 447 3776 Cod.
463 3720 482 3777 l.
498 3721 547 3790 Xl,
565 3722 604 3778 iit.
618 3723 702 3789 XVll,
714 3725 732 3782 l.
746 3729 773 3782 lt.

357 3799 537 3860 ⁸Gothoircd.
551 3805 655 3862 domm.
666 3806 700 3862 ad
711 3807 750 3864 tit.
761 3809 877 3879 XXXV,
891 3811 939 3868 lib.
953 3813 987 3867 Vl
1000 3810 1103 3866 Theod.

356 3883 499 3952 ’Sociprm
517 3886 551 3943 de
568 3887 708 3959 mlonatu;
725 3891 830 3958 Guizot,
843 3892 912 3948 llist.
927 3892 961 3948 do
980 3891 1006 3945 la
1021 3887 1201 3960 Civilitation,
1217 3899 1280 3952 bom.
1298 3896 1346 3949 lll.

256 4027 259 4033 ¹
322 3965 399 4030 lecon
412 3965 468 4022 Vll.
484 3967 568 4026 hlitar
581 3972 681 4028 sentire
694 3973 801 4028 videtur
813 3976 930 4036 lebeao,
945 3972 1074 4046 mimolre
1086 3974 1123 4030 X.

300 4060 310 4068 ·
357 4047 380 4080 ⁴⁰
393 4046 495 4105 Theod.
509 4050 555 4108 lib.
572 4051 626 4119 Vll,
640 4055 679 4110 tit.
695 4053 787 4118 Xlli,l
814 4055 830 4088 ⁷
