3182 4978
663 459 843 528 ...M-

236 599 464 668 constitutione
474 594 632 659 vetuerint
646 594 747 677 impp.
765 593 965 661 Theodosius
977 592 997 659 J
1000 595 1095 659 unior
1108 606 1141 660 et
1151 594 1265 662 Vaien-

235 705 376 768 tinianus
390 698 502 762 tertius
522 721 534 756 a
554 695 687 760 colonos
707 697 770 760 ulia
785 696 910 760 ratione
931 695 972 760 ad
997 695 1096 760 nilum
1122 697 1267 779 quamvis

235 798 416 865 humilioris
431 786 551 872 militiae
565 795 672 860 locum
695 796 818 860 admitti
831 805 855 873 ¹,
878 822 891 856 s
911 796 995 878 leges
1012 796 1115 860 ambae
1130 797 1215 862 inter
1231 815 1265 861 se

236 917 375 982 pugnare
387 880 534 960 videntub
547 915 556 958 t
569 906 708 960 attamen
718 897 758 960 ad
770 897 979 962 concordiam
987 896 1101 960 adduci
1115 908 1260 978 possunt.

145 1037 147 1042 ·
236 993 427 1064 constitutio
443 997 529 1061 enim
543 996 714 1062 Theodosii
726 995 746 1061 J
749 998 871 1062 unionis
886 997 926 1062 ad
938 1015 995 1062 eos
1006 997 1193 1079 inquilinos,
1210 997 1265 1080 qui

233 1117 370 1174 nomen,
389 1097 489 1161 invito
559 1097 661 1161 inscio
683 1096 834 1178 domino,
851 1097 938 1162 ultro
953 1097 1194 1179 profiterentur,
1212 1109 1267 1161 aut

233 1199 274 1264 ab
288 1196 491 1263 exactoribus
513 1195 794 1262 conscriberentur
818 1197 951 1280 injuste,
974 1209 1006 1262 et
1029 1215 1095 1262 non
1118 1197 1159 1262 ad
1186 1197 1267 1279 iegi-

232 1301 342 1363 timam
357 1299 498 1363 tironum
513 1297 743 1364 exhibitionem
764 1301 925 1380 pertinere
941 1300 1076 1364 videtur.
1100 1300 1191 1364 Hanc
1205 1317 1267 1364 au-

233 1411 296 1466 tem
309 1399 616 1482 interpretationem
645 1403 814 1466 coufirmat
836 1401 978 1483 ejusdem
1003 1401 1175 1467 Theodosii
1193 1400 1264 1476 lex,

233 1498 403 1581 quaejubet
422 1526 434 1560 t
450 1515 649 1581 possessores
669 1512 900 1582 representare
923 1511 1049 1566 actores
1073 1511 1105 1565 et
1125 1501 1264 1566 conduc·

232 1605 319 1660 tores
330 1613 479 1676 agrorum
491 1613 623 1660 suorum
641 1605 682 1660 ‹ut
698 1596 861 1676 legionum
876 1599 1018 1661 numeris
1033 1598 1196 1662 socientur
1207 1593 1228 1660 ¹.
1245 1623 1258 1656 s

277 1693 394 1761 Verum
413 1695 498 1760 enim
514 1713 591 1760 vero
609 1695 737 1760 collatio
759 1695 926 1778 juniorum
942 1697 1132 1780 plerumque
1149 1714 1209 1760 nec
1225 1695 1270 1760 ab'

232 1795 302 1878 ipso
317 1795 514 1877 Imperatore
529 1813 589 1860 nec
605 1815 644 1860 ex
656 1796 770 1862 ordine
787 1797 996 1864 indicebatur.
1019 1799 1158 1880 Magistri
1181 1797 1264 1862 eninr

230 1895 384 1972 rnilitum,
407 1896 528 1972 duces,
554 1898 786 1981 comitesque,
804 1910 900 1983 atque
926 1901 1021 1964 etiam
1039 1900 1264 1965 Praesidiorum

231 1996 397 2072 Praeiecti,
420 1997 446 2060 si
463 2013 529 2061 non
545 1997 632 2080 pleni
648 2011 754 2064 essent
767 2001 893 2065 numeri
915 2001 976 2066 sub
989 2013 1111 2065 eorum'
1129 2000 1265 2082 imperio

230 2096 346 2178 positi,
363 2096 561 2179 apparitores
581 2115 641 2179 per
661 2099 782 2164 vicinas
802 2101 984 2182 provincias
1004 2099 1189 2174 mittebant,
1209 2098 1264 2180 qui

231 2197 389 2261 deiectum
415 2197 572 2276 agitarent
589 2203 609 2260 ⁸.
635 2199 751 2262 Hinc«
778 2199 961 2263 exactiones
984 2209 1148 2280 perpetuae
1169 2209 1201 2262 et
1231 2199 1262 2261 in

232 2291 452 2358 exactionibus
467 2293 593 2375 injuriae
607 2313 672 2361 non
684 2297 823 2362 serendae
832 2294 859 2374 ,⁸
873 2323 886 2357 s
901 2297 1019 2380 quibus
1030 2301 1126 2364 tinem
1138 2299 1264 2378 consti·

231 2395 292 2460 tuit
315 2394 394 2476 Imp.
415 2393 515 2460 Zeno.
547 2395 625 2460 Nam
651 2398 818 2479 magistros
840 2409 872 2462 et
896 2399 994 2463 duces
1021 2427 1033 2459 ι
1061 2399 1264 2487 probatorias

231 2494 367 2558 rnilitum
378 2495 506 2558 iacere·
521 2496 633 2568 vetnit,
645 2497 841 2576 «antiquata,
854 2513 926 2577 quaa
938 2496 1092 2562 hactenus
1101 2507 1262 2574 tenuerat,

232 2591 465 2656 consuetudine
479 2591 498 2653 ⁸.
521 2619 534 2650 a

273 2689 414 2774 Exhibiti
429 2702 534 2758 autem
552 2693 674 2760 tirones
688 2695 848 2778 probandi
871 2707 982 2774 erant,
1000 2698 1168 2780 quoderat
1186 2698 1264 2764 Pro-

229 2791 377 2858 batorum
392 2811 518 2860 munus.
541 2793 723 2873 Quaerenda
739 2813 816 2860 vero
833 2808 902 2860 erat
916 2809 989 2862 aute
1006 2800 1114 2862 omnia
1121 2799 1263 2880 junioris

230 2889 339 2967 origo,
358 2890 445 2969 quod
467 2907 533 2954 non
553 2891 667 2970 tiebat,
692 2893 782 2958 «nisi
798 2892 1010 2976 presentibus
1025 2893 1263 2960 Decurionibus

230 2986 365 3052 civitatis
376 2983 395 3050 ⁶.
417 2987 490 3052 »Ea
505 2989 590 3053 enim
602 2993 786 3060 conditione
802 2995 835 3056 in
852 2994 993 3076 legiones
1009 2995 1262 3064 admittebantur

229 3087 371 3164 tirones,
394 3089 443 3152 «si
465 3107 531 3154 non
547 3102 654 3156 essent
668 3111 686 3156 e
699 3111 833 3158 numero
851 3112 1034 3173 servorum,
1051 3117 1130 3163 neve
1147 3118 1165 3162 e
1180 3118 1262 3164 can·-

229 3213 242 3246 »
255 3188 455 3270 ponaducti,
466 3191 515 3255 vel
527 3211 565 3256 ex
573 3193 766 3257 famosarum
778 3195 961 3260 ministeriis
969 3197 1193 3275 tabernarum,
1206 3191 1267 3264 aut

227 3314 240 3348 ι
257 3306 295 3351 ex
312 3305 489 3370 coquorum
512 3303 567 3356 aut
588 3293 745 3374 pistorum
761 3313 916 3373 numero,
933 3297 982 3362 vel
999 3299 1095 3364 etiam
1109 3317 1148 3365 eo
1165 3317 1260 3382 quern

233 3387 404 3471 »obsequii
420 3391 608 3459 deformitas
623 3395 736 3460 militia
749 3396 938 3460 decerneret
950 3393 969 3460 ⁷.
988 3426 998 3456 ι

215 3654 217 3659 ,
263 3585 354 3641 *cod
370 3585 418 3643 lib.
431 3589 480 3657 xt,
495 3591 536 3645 tit.
548 3591 654 3657 xxvii,
669 3593 687 3647 1.
703 3595 746 3650 ta.
831 3649 834 3656 ,

261 3667 272 3700 ¹
287 3667 421 3726 valentin.
434 3669 479 3726 ΠΙ.
494 3671 562 3726 inter
571 3673 676 3729 Noveb.
691 3675 793 3731 Theod.
807 3678 877 3746 XLI,
890 3677 909 3735 l.
923 3683 950 3736 5.

261 3748 351 3806 ³c0d.
366 3749 413 3806 lib.
428 3751 492 3820 xu,
506 3752 547 3808 tit.
561 3753 695 3822 XXXVI,
709 3755 727 3811 l.
743 3761 786 3815 tt.

263 3829 273 3862 ⁸
285 3830 359 3886 Lact.
371 3830 406 3888 de
418 3833 496 3889 Mort.
512 3835 539 3888 7.

262 3907 272 3938 ³
286 3907 352 3964 God.
366 3908 385 3964 l.
400 3911 473 3966 laud.

262 3988 399 4132 :dth'rlig'
414 3993 474 4062 vu,
489 3994 519 4050 tu
532 3994 613 4064 xur,
629 3996 646 4052 r.
664 4001 689 4054 t.
