3182 4978
754 408 935 476 ...Μ-.-

328 564 401 612 ncm
412 547 527 610 artium
538 545 780 628 studiorumque
792 546 950 622 civilium,
960 547 1143 628 quamdam,
1155 549 1357 618 hereditario

322 649 420 732 jure,
449 657 598 712 «tantum
615 647 648 710 in
666 665 757 712 usum
775 647 959 728 praeliorum
975 649 1148 729 sepositam
1161 651 1185 727 ¹,
1196 661 1355 732 spontem,

327 760 364 814 nt
376 750 419 813 ita
433 749 558 827 dicam,
576 747 764 824 militarent,
790 767 900 813 creare
916 759 949 812 et
963 748 1130 814 instituere
1146 751 1253 815 conati
1269 763 1352 816 sunt.

327 849 414 928 Quin
425 850 520 916 etiam
531 849 710 932 priscorum
718 847 939 931 AEgpptiorum
949 849 1112 931 exemplo,
1127 853 1182 932 qui
1190 862 1357 932 paternam

326 950 545 1016 conditionem
560 949 788 1032 sequebantur,
802 961 1026 1015 veteranorum
1036 950 1109 1014 tiliis
1125 951 1359 1017 interdixerunt

327 1051 414 1114 omni
430 1049 541 1114 militia
556 1068 652 1132 quam
668 1067 735 1114 non
749 1061 899 1131 parentes
912 1069 1025 1115 eorum
1043 1055 1240 1118 sudavisscut
1254 1050 1275 1116 ¹.
1296 1053 1360 1118 tti-

326 1150 417 1214 litnm
434 1161 539 1214 autern
555 1149 646 1214 liberi
664 1168 729 1216 non
743 1151 964 1216 tantummodo
980 1151 1103 1232 legibus
1118 1152 1159 1216 ad
1174 1171 1358 1217 sacramen-

327 1261 395 1316 tum
410 1249 632 1332 adigebantur,
655 1251 824 1316 sedetiam
842 1270 907 1334 quo
929 1252 1070 1316 osticium
1098 1271 1190 1316 suum
1209 1253 1358 1318 libentius

327 1351 563 1433 persolverent,
581 1370 637 1434 spe
650 1353 809 1418 bonorum
820 1353 985 1434 proposita
1000 1362 1033 1416 et
1044 1353 1220 1417 commodis
1235 1353 1359 1416 allicie-

326 1451 453 1518 bantur.
475 1453 552 1517 Nam
569 1453 643 1534 qui,
659 1464 750 1534 patre
767 1453 912 1516 inarmis
934 1463 1079 1529 mortuo,
1096 1453 1128 1516 in
1153 1451 1223 1533 ejus
1247 1451 1357 1518 locum

327 1571 444 1618 nomen
461 1551 705 1635 profitebantur,
721 1554 832 1620 eadem
851 1554 1007 1635 stipendia
1018 1564 1055 1618 et
1062 1553 1194 1616 easdem
1212 1570 1359 1618 annonas

326 1650 533 1728 obtinebant,
553 1661 585 1716 et
599 1651 688 1733 quasi
703 1652 916 1716 necessariam
932 1651 1153 1716 hereditatem·
1161 1649 1304 1726 adirent,
1317 1651 1357 1715 ad

325 1751 471 1816 eumdem
484 1753 621 1833 pradum
634 1748 917 1830 promovebantur,
932 1748 1106 1812 dnmmodo
1116 1749 1286 1814 defunctus
1295 1765 1356 1830 pa-

325 1867 400 1916 rens
415 1853 545 1916 Biorcbi
559 1850 711 1914 duntaxat
725 1858 833 1930 partes
847 1848 962 1928 egisset
978 1843 999 1911 ⁸.

368 1948 510 2016 Tandem
526 1947 721 2014 accedebant
736 1948 791 2030 qui
807 1959 921 2030 sponte
933 1959 1131 2014 sacramenta
1149 1949 1355 2032 flagitabant:

326 2052 431 2116 statim
443 2067 518 2116 vero
533 2049 574 2114 de
586 2047 744 2114 natalibus
754 2066 870 2114 eorum
877 2068 914 2112 ac
924 2050 965 2114 de
976 2049 1065 2114 omni
1077 2050 1149 2114 vitae
1157 2051 1349 2121 conditione,

326 2150 536 2235 presentibus
557 2148 813 2227 Decurionibus,
838 2167 971 2214 examen
994 2148 1172 2220 habebatur
1186 2157 1207 2216 ⁸.
1238 2151 1350 2218 Nama

326 2249 512 2316 uoluntariis
525 2247 606 2312 adeo
624 2265 804 2327 praecavere
820 2249 967 2316 videntur
978 2249 1208 2332 imperatores,
1226 2262 1262 2316 ut
1272 2296 1287 2325 ,.
1302 2265 1356 2312 ne·

325 2352 426 2435 plecta
441 2349 599 2416 exercitus
622 2366 726 2425 cura,
758 2351 958 2431 propemodo
986 2364 1196 2434 spontaneam.
1209 2351 1356 2413 mititiam

325 2453 517 2537 prohibeant
528 2446 547 2515 ⁸.
568 2447 735 2532 Corruptis
750 2451 837 2516 enim
852 2451 998 2518 moribus
1019 2465 1051 2518 ct
1070 2451 1199 2518 remissa
1215 2447 1353 2523 virtute,

325 2573 424 2638 quum
445 2551 571 2616 «civilis
582 2569 656 2634 pars
670 2550 889 2618 florentiorem
900 2553 1075 2618 abduceret
1081 2555 1286 2633 juventutem
1296 2555 1321 2621 ⁶,
1336 2575 1349 2608 r

327 2654 433 2720 nulius
448 2653 514 2718 fere
533 2651 654 2716 militiae
679 2667 796 2716 nomen
812 2650 907 2713 dabat
929 2651 982 2728 qui
1006 2662 1149 2712 nonant
1171 2651 1357 2726 dominum,

326 2765 382 2821 aut
394 2753 528 2830 curiam,
541 2763 596 2818 aut
609 2751 713 2817 civilia
727 2751 831 2817 officia
843 2756 867 2826 ²,
883 2747 1054 2822 autetiam,
1067 2746 1207 2810 admisso
1218 2746 1354 2826 flagitio,

322 2857 448 2940 judices
465 2866 497 2921 et
520 2872 632 2937 poenas
652 2853 762 2936 fugere
781 2850 874 2914 veliet
889 2851 912 2912 ⁸.
938 2847 991 2912 Eis
1011 2845 1134 2912 scilicet
1149 2847 1183 2910 in
1200 2845 1357 2928 angustiis

327 2957 512 3022 versabatur
523 2955 708 3037 Imperium,
722 2963 757 3018 ut
768 2968 863 3017 nemo
876 2960 996 3016 sortem
1005 2958 1129 3014 mutare
1140 2965 1206 3014 non
1219 2956 1355 3028 optaret,

328 3070 360 3125 et
372 3075 501 3124 ornnem
517 3055 588 3120 vitae
604 3055 822 3120 conditionem
838 3071 893 3118 sua
910 3053 1068 3136 potiorem
1083 3067 1149 3114 non
1168 3048 1309 3112 duceret.

371 3158 514 3225 Maximis
525 3168 632 3222 autern
647 3157 679 3219 in
690 3154 887 3235 Reipublicae
896 3153 1066 3236 periculis,
1080 3160 1168 3216 vetus
1179 3147 1358 3212 institutum

328 3260 514 3328 evocationis
529 3258 562 3320 in
580 3275 670 3322 usum
685 3255 896 3332 referebatur,
913 3266 945 3320 et
959 3272 1072 3320 ornnes
1088 3269 1170 3336 quos
1190 3279 1202 3312 α
1223 3249 1360 3330 erigeret

364 3488 373 3521 ¹
388 3487 452 3542 Tac.
466 3485 560 3542 Germ.
574 3485 619 3542 29.

364 3565 445 3620 ‘vii
460 3565 501 3620 tit.
514 3567 541 3634 1,
557 3566 576 3620 l.
591 3567 617 3620 8.

364 3641 452 3700 ³C0d.
465 3641 513 3700 lib.
529 3642 590 3711 xli,
606 3642 645 3696 tit.
660 3641 818 3708 xnv111,t.
834 3644 861 3696 5.

363 3725 453 3783 ¹cod.
465 3723 516 3782 Tb.
533 3725 588 3793 vlt,
602 3723 641 3781 tit.
656 3717 695 3790 ii,
709 3723 728 3779 1.
744 3726 769 3794 1.Ι
888 3759 894 3770 .

366 3803 650 3874 ⁵v111,tit.xl,t.5.
707 3855 711 3863 ,
732 3825 735 3831 ’

365 3891 375 3921 ⁶
389 3887 484 3958 Veget.
498 3887 543 3956 111,
557 3889 583 3944 b.

365 3971 375 4000 ⁷
389 3968 457 4024 Vili.
470 3969 508 4024 tit.
522 3969 577 4036 XI,
591 3968 609 4023 l.
629 3971 656 4025 5.
671 3970 728 4036 vu,
743 3969 784 4023 tit.
797 3968 835 4034 ll,
848 3968 866 4022 l.
881 3971 908 4022 d.

366 4052 435 4108 ⁸Ar.
446 4049 571 4105 Menand.
586 4051 689 4120 Digest.
702 4051 799 4118 XLIX,
811 4050 852 4105 tit.
867 4047 929 4104 XVI
937 4087 944 4114 ,
960 4046 976 4100 Ι.
992 4049 1008 4102 d
1021 4051 1048 4104 et
1061 4046 1101 4101 id.
