3182 4978
671 442 847 505 -13-

244 605 316 670 spes
331 597 417 663 erat,
430 593 498 650 toto
514 583 621 648 animo
636 600 669 646 se
685 583 718 644 in
735 583 878 648 militiam
896 585 1114 662 immiserunt,
1133 602 1192 651 nec
1206 579 1272 668 jam

243 689 381 770 publicis
402 687 457 752 sed
473 675 607 768 'privatis
623 684 800 749 commodis
814 685 909 749 vitam
927 687 1161 769 impendebant.
1183 689 1273 753 Tunc

245 791 383 873 antiquae
398 789 481 853 illius
502 789 664 868 Quiritum
691 787 934 870 appellationis,
952 791 1041 870 qnasi
1058 792 1273 866 contumeliae,

246 893 377 974 puduit,
394 902 426 955 et
434 909 509 956 mou
525 891 567 953 ita
580 889 690 972 patriae
705 889 908 953 immemores
919 891 993 954 lacti
1007 903 1098 968 sunt,
1111 904 1147 957 ut
1158 893 1274 967 duces,

246 1011 385 1074 quorum
397 994 428 1056 in
440 1009 536 1056 manu
549 1000 656 1066 erant,
670 989 854 1072 reipublicae
866 1002 1106 1074 anteponerent.
1124 993 1163 1057 Hi
1177 993 1277 1056 enim-

247 1112 324 1158 vero
344 1121 357 1154 o
381 1095 415 1155 in
431 1093 571 1174 predam
594 1090 754 1154 ducebant
773 1087 808 1150 »¹
827 1103 859 1156 et
877 1103 950 1174 post
968 1094 1125 1174 stipendia
1147 1093 1180 1155 in
1195 1094 1278 1174 agris

247 1194 489 1277 municipalium
501 1204 556 1257 aut
566 1181 827 1274 provincialium,
839 1193 921 1257 hanc
937 1193 1122 1258 sceleratam
1134 1193 1276 1257 militiam

248 1297 398 1360 emeritos
412 1295 620 1361 collocabant.

290 1395 344 1460 Sic
355 1396 488 1460 civitatis
498 1395 665 1460 arbitrium
679 1410 776 1476 penes
787 1413 908 1475 paucos
920 1405 988 1458 erat
998 1404 1031 1458 et
1041 1394 1168 1458 illorum
1180 1411 1279 1476 penes

248 1495 380 1574 milites,
395 1497 450 1578 qui
465 1513 591 1579 semper
610 1523 620 1553 ι
635 1513 700 1560 non
713 1513 772 1576 pro
784 1512 840 1575 spe
856 1495 1043 1559 meritorum
1058 1495 1187 1558 tractari
1199 1513 1279 1574 que-

249 1590 457 1674 rebantur',»
474 1607 506 1660 et
525 1615 583 1678 per
608 1597 819 1676 imperatores
840 1593 1019 1658 libertatem
1041 1593 1277 1676 opprimebant,

249 1707 286 1762 ut
298 1697 506 1780 imperatores
522 1697 608 1778 ipsos
620 1694 776 1759 baberent
790 1693 956 1759 obnoxios.

294 1798 365 1862 Non
377 1808 445 1862 erat
458 1799 484 1861 is
498 1797 655 1880 populus,
666 1815 761 1878 quem
773 1814 835 1876 pax
842 1794 1012 1876 tranquilla
1024 1793 1167 1876 iuvaret,

295 1897 400 1976 Quem
418 1915 474 1962 sua
488 1897 619 1962 libertas
635 1895 775 1960 immotis
790 1905 936 1976 pasceret
949 1895 1054 1958 armis.

295 1997 373 2062 inde
389 1997 446 2062 irae
461 1997 590 2074 faciles,
604 2007 636 2062 et
653 1993 738 2080 quod
752 1996 900 2060 suasisset
915 2006 1036 2077 egestas

294 2097 364 2164 Vile
378 2099 483 2176 nelas,
496 2115 708 2180 magnumque
725 2099 822 2162 decus
837 2099 985 2178 lentoque
998 2095 1170 2179 petendum

299 2199 374 2261 Plus
385 2201 487 2278 patria
505 2201 646 2280 potuisse
663 2217 738 2276 sua,
756 2217 967 2279 mensuraque
979 2198 1060 2279 jnris

301 2295 356 2361 Vis
375 2309 442 2361 erat
453 2297 471 2360 ⁵.

291 2829 300 2862 ¹
314 2829 415 2883 Lucan.
429 2839 431 2844 ’

290 2909 421 2966 ’Sueten
436 2909 507 2979 Aug.
523 2910 566 2964 ¹5.

289 2992 410 3048 ³anan.
426 2990 545 3048 Pharsal.
560 2990 581 3056 l,
596 3005 623 3045 v.
640 2991 698 3044 lll.
