3182 4978
770 405 946 470 ..28-

342 567 354 600 t
374 537 465 618 locis,
476 559 514 606 ex
527 541 659 606 diversis
671 544 813 608 numeris
824 543 1025 608 uenientes...
1039 541 1113 610 Alio
1123 543 1281 622 instituta,
1292 545 1374 610 alius

342 669 354 701 i
371 643 454 706 inter
469 661 524 707 eos
540 654 588 707 est
599 663 676 708 usus
687 663 849 708 armorum
852 689 920 707 .....
932 642 1032 725 Legio
1043 654 1151 710 autem
1164 647 1307 728 propriis
1318 666 1374 712 co·

342 769 355 802 ι
375 743 522 808 hortibus
533 744 644 826 plena,
658 765 756 830 quum
769 764 895 830 gravem
907 755 1118 822 armaturam,
1130 747 1191 814 boc
1202 760 1272 824 est,
1286 751 1374 830 prin-

344 872 357 906 »
377 845 482 926 cipes,
495 844 652 924 hastatos,
661 847 803 923 triarios,
813 847 1054 928 antesignanum
1068 849 1143 914 bem
1155 849 1257 936 leuem
1269 869 1376 916 arma·

339 972 351 1004 ι
374 955 500 1021 turam,
511 946 577 1012 hoc
585 957 650 1024 est,
662 948 872 1026 somarios,
886 949 1076 1029 sagittarios,
1094 949 1374 1026 [montembar-

343 1073 356 1106 ι»
371 1046 528 1123 listarios,
542 1066 640 1129 quum
652 1051 801 1131 proprios
810 1061 841 1114 et
852 1049 913 1113 sibi
925 1049 1037 1114 insitos
1045 1050 1171 1131 equites
1180 1051 1374 1132 legionarios

340 1174 352 1208 ι
374 1147 486 1212 iisdem
504 1150 678 1214 matriculis
696 1160 825 1227 teneat,
836 1169 913 1214 cum
926 1169 996 1216 uno.
1007 1151 1279 1232 animo-,parique
1295 1171 1374 1218 con-

340 1277 351 1306 ·
371 1267 469 1314 sensu
479 1260 586 1314 castra
594 1253 740 1328 muniat,
757 1253 858 1318 aciem
872 1252 1025 1328 instruat,
1042 1251 1187 1333 praelium
1203 1264 1315 1333 genam·
1336 1271 1375 1318 eu

344 1353 463 1418 »omni
490 1364 582 1436 parte
602 1356 764 1436 perlecta·;
793 1354 882 1418 nullo
909 1355 1088 1418 extrinseco
1118 1354 1267 1435 indigens
1283 1356 1373 1420 adu·

340 1465 500 1531 »mento-3
528 1456 762 1580 qpantamlibet
786 1456 925 1520 hosu'um
952 1455 1189 1520 multitudinem
1222 1475 1373 1538 superare

341 1580 353 1610 r
375 1563 546 1616 consuerat
568 1599 575 1616 .
600 1579 612 1612 tt

384 1652 460 1718 Post
475 1653 740 1718 constitutionem
753 1653 949 1730 Caracalla,
964 1654 997 1716 in
1014 1651 1149 1716 Aoriliis
1171 1653 1372 1718 nominase-

341 1755 458 1818 derunt
469 1755 682 1837 Bnrbari,qui
694 1756 730 1818 in
747 1755 971 1820 commilitium
987 1754 1102 1836 singuli
1119 1755 1232 1818 adsciti
1246 1761 1373 1818 erant¹z

341 1851 432 1914 multi
451 1861 558 1918 tamen
580 1854 665 1918 cives
689 1854 743 1934 qui
758 1854 790 1916 in
803 1851 982 1933 leg-ionibus
995 1852 1154 1918 conscribi
1171 1853 1371 1934 potuissent,

346 1978 358 2012 a
376 1952 408 2014 in
424 1951 630 2020 auxiliaribus
648 1954 806 2030 numeris,
822 1954 1014 2018 severiorem
1027 1953 1160 2036 maJ’oris
1171 1955 1292 2018 militiae
1310 1951 1376 2014 dis-

342 2083 354 2117 »
377 2053 527 2134 ciplinam
541 2054 904 2132 vitantes,sacramenta
915 2056 1082 2136 percipere
1093 2055 1306 2132 festinabant,
1321 2053 1377 2118 ubi

347 2167 409 2222 »et
431 2156 537 2220 minor
554 2156 652 2220 sudor
666 2166 698 2220 et
718 2155 892 2222 mauuiora
912 2166 1004 2220 erant
1025 2157 1156 2238 praemia
1172 2157 1193 2220 ³.
1214 2183 1229 2217 t·
1244 2157 1378 2238 ltaque,

343 2257 486 2338 quamvis
513 2257 629 2320 civium
668 2258 817 2322 crevisset
845 2275 1020 2334 numeros,
1043 2257 1190 2338 legiones
1213 2258 1313 2338 magis
1338 2277 1380 2320 ae

343 2355 443 2436 magis
457 2355 735 2420 exhauriebantur.

389 2455 547 2522 Caeterum
563 2476 628 2522 non
647 2469 772 2524 tantum
786 2456 1123 2522 mollitieetsocordia
1139 2455 1307 2522 laborabat
1319 2458 1378 2522 im·

344 2559 492 2638 perium,
508 2560 564 2622 sed
580 2559 676 2624 etiam
698 2559 767 2622 aliis
784 2560 892 2622 causis
911 2561 1069 2624 exercitus
1090 2556 1289 2623 debilitatum
1305 2559 1374 2624 luit.

346 2657 426 2721 Nam
442 2676 519 2722 eum.
538 2659 648 2722 omnis·
663 2656 828 2724 harbaries
841 2657 874 2720 in
889 2659 1052 2724 Romanos
1069 2661 1221 2742 impetum
1237 2660 1378 2733 iaceret,

344 2775 404 2842 per
421 2768 580 2824 trecentos
595 2776 696 2824 annos
708 2806 723 2836 ,
737 2777 801 2824 non
818 2777 878 2842 pro
893 2760 1014 2842 gloria,
1029 2761 1087 2826 sed
1100 2778 1161 2843 pro
1179 2757 1280 2822 salute
1296 2774 1379 2825 cou-

343 2859 436 2924 tinuo
461 2871 635 2941 pugnatum
651 2871 719 2936 est;
736 2862 761 2922 si
778 2871 949 2941 pacaretur
963 2861 1103 2939 Oriens,
1123 2859 1208 2926 bello
1224 2857 1379 2942 flagrabat

346 2963 524 3038 Occidam,
538 2973 571 3028 et
585 2980 658 3044 quae
673 2962 790 3028 Persas·
799 2963 967 3040 uicissent,
986 2965 1101 3028 iisdem
1109 2961 1288 3042 legionibus
1299 2959 1379 3025 Ger-

347 3081 461 3128 manus
486 3063 724 3146 propulsandos
746 3075 823 3130 crau
852 3065 906 3130 De
928 3065 1071 3134 Romani.
1096 3061 1262 3145 cujusdam
1288 3059 1382 3134 ducis

347 3161 516 3228 uirtutibus
531 3166 728 3248 praedicans,
743 3165 1127 3249 DrepaniusPacatusbis
1137 3163 1244 3228 verbis
1255 3163 1377 3227 utitur:

360 3265 473 3344 «Quid
501 3267 631 3348 inquam
655 3267 794 3332 faciam?
811 3267 891 3346 Quae
910 3269 1041 3336 Rhenus
1063 3276 1119 3330 aut
1133 3262 1263 3328 Vahalis
1275 3259 1376 3330 vidit,

352 3398 365 3433 t
381 3371 565 3455 aggrediar?
581 3370 653 3437 lam
663 3373 837 3439 Sarmatica
844 3359 1377 3454 caedesanguiuenslsterobjiciet,

353 3500 372 3534 t·
380 3475 529 3542 Attritam
539 3477 740 3560 pedestribus
749 3478 866 3560 praeliis
876 3475 1037 3543 Batauiam
1045 3469 1194 3534 referam.
1207 3465 1377 3532 Sarouon-

353 3601 365 3633 »
389 3585 532 3656 sumptus
544 3575 636 3639 bellis
649 3577 982 3642 navalibusoiieretur.
1002 3573 1176 3643 Redactum
1194 3569 1232 3632 ad
1247 3563 1378 3646 paludes

353 3703 365 3736 o
382 3695 454 3741 suas
462 3676 592 3742 Scotum
602 3676 731 3759 loquar?
740 3678 930 3761 compulsus
943 3680 976 3742 in
984 3663 1376 3746 solitudinesaviasomuis

384 3908 393 3937 ⁴
411 3907 505 3977 Veget.
521 3909 557 3974 ll,
572 3911 609 3968 d„

386 3987 545 4058 'Lamprid
561 3987 692 4042 Alexand.
707 4005 734 4057 p.
752 3989 810 4042 tot.

387 4075 396 4104 ³
410 4071 504 4138 Vegct.
518 4071 553 4134 ΙΙ,
568 4071 593 4121 5.
