3182 4978
765 439 978 514 .-sa-

367 578 430 648 lem
447 593 479 646 et
494 578 662 645 mlitarem
679 579 774 642 vitam
788 578 979 652 discrimen,
997 581 1174 660 praesertim
1190 597 1290 664 quum
1307 551 1404 657 novis

367 682 500 765 Augusti
513 679 635 762 legibus
646 689 824 760 augeretur.
846 679 1078 759 Nihilominus,
1094 693 1130 746 ut
1141 695 1235 749 antea
1246 685 1403 768 diximus,

364 781 541 866 permansit
555 780 671 845 veteris
685 779 827 844 delectus
842 781 963 858 forma,
983 793 1016 846 et
1031 785 1176 864 quamvis
1191 786 1232 850 ad
1247 798 1331 852 artes
1341 808 1405 870 pa-

365 881 414 950 c'is
430 893 632 950 verterentur
645 881 730 944 cives
745 891 778 945 et
792 883 925 948 omuino
940 902 1102 949 armorum
1119 888 1190 951 usui
1206 898 1239 953 et
1253 908 1402 972 campes-

364 983 407 1046 tri
423 980 576 1047 exercitio
593 977 834 1055 valedixissent,
859 997 991 1059 omnes,
1016 992 1053 1046 ut
1074 983 1171 1062 olim,
1195 987 1315 1051 miiitiae
1335 990 1405 1054 ob-

364 1079 452 1144 noxii
474 1079 612 1142 fuerunt.
642 1075 751 1154 Quum
763 1075 818 1157 jus
833 1089 865 1141 et
880 1096 951 1143 mos
972 1079 1014 1142 ita
1036 1080 1120 1145 inter
1139 1099 1173 1144 se
1194 1095 1399 1165 pugnarent,

363 1179 510 1246 ellectum
526 1189 593 1254 cst,
615 1187 651 1242 ut
669 1178 834 1258 aegerrime
854 1180 1058 1262 suppleretur
1072 1183 1239 1249 exercitus.
1265 1187 1305 1251 Ut
1319 1188 1401 1252 huic

362 1281 447 1346 malo
468 1287 695 1354 occurrerent,
717 1279 871 1343 nonnulla
891 1269 1094 1346 tentaverunt
1115 1282 1299 1366 Principes,
1323 1307 1400 1370 quae

361 1380 515 1462 temporis
529 1395 683 1461 processu
696 1377 918 1456 invaluerunt,
932 1390 964 1444 et
973 1380 1132 1446 delectum
1143 1383 1226 1465 ,jam
1240 1386 1321 1451 adeo
1334 1389 1398 1453 im-

360 1481 519 1564 peditum,
535 1479 628 1542 novis
642 1477 882 1543 difficultatibus
896 1479 1132 1561 implicuerunt

404 1581 473 1646 lloc
485 1578 582 1644 modo
593 1595 627 1642 se
639 1577 855 1655 reshabebat,
871 1598 971 1662 quum
982 1581 1213 1661 Diocletianus,
1233 1597 1307 1667 post
1322 1587 1394 1654 Nu-

358 1682 492 1748 meriani
507 1690 663 1756 mortem,
680 1697 779 1762 regno
795 1682 916 1762 potitus
930 1693 988 1747 est.
1016 1683 1130 1748 Caeteri
1148 1697 1255 1750 autem
1270 1687 1394 1754 Princi-

356 1799 427 1865 pes,
440 1781 574 1864 Augusti
586 1771 724 1861 iesdgtts
735 1779 930 1856 insistentes,
949 1781 1036 1864 quod
1050 1783 1082 1845 in
1094 1785 1234 1867 antiquis
1245 1789 1388 1856 moribus

356 1879 506 1963 praesenti
522 1895 630 1941 rerum
646 1875 739 1940 statui
753 1879 817 1940 iton
831 1888 1043 1959 congrueret,
1060 1881 1166 1944 tacitis
1183 1901 1387 1954 correxerant

359 1978 626 2063 temperamentis.
644 1975 707 2044 Sed
717 1977 917 2042 Diocletiano
926 1979 1018 2044 aliter
1026 1981 1127 2044 visum
1141 1993 1207 2047 est:
1225 1991 1385 2053 nonenim

340 2081 421 2163 ‚J'am
439 2079 675 2145 dissimulanter
693 2078 777 2159 egit,
798 2078 854 2142 sed
874 2078 1025 2160 palamst
1043 2093 1174 2162 aperte,
1193 2097 1229 2148 ut
1242 2100 1317 2168 pote
1329 2091 1379 2168 qni

345 2181 461 2246 ³studia
477 2179 646 2262 aequalium
664 2197 797 2242 suorum
814 2179 847 2242 in
868 2180 1018 2262 antiquos
1038 2201 1145 2248 mores
1160 2189 1250 2268 parvi
1265 2189 1379 2270 pende-

354 2290 415 2344 ret.
428 2279 526 2356 Quod
541 2277 625 2340 enim
640 2293 713 2338 cum
727 2277 926 2344 dubitatione
943 2292 1143 2348 tentaverant
1156 2288 1280 2368 priores
1299 2289 1389 2352 Prin·

344 2381 444 2466 'cipes
454 2425 466 2458 ,
484 2377 647 2452 coniecit,
665 2387 697 2442 et
714 2378 839 2455 omnia,
864 2397 936 2461 quae
955 2385 1071 2448 veteris
1088 2385 1241 2466 libertatis
1259 2404 1389 2458 inemo-

350 2484 434 2568 riam
451 2488 656 2556 revocarent,
674 2488 710 2544 ut
725 2461 875 2544 seditiosa
887 2467 1023 2547 diremit.
1041 2483 1200 2561 Tandem,
1217 2492 1310 2548 exuta
1321 2484 1387 2549 dis-

344 2579 576 2654 simulatione,
592 2577 714 2658 species
728 2577 929 2661 Principatus
941 2583 973 2644 in
988 2583 1131 2661 Regnum
1149 2603 1302 2649 conversa
1318 2597 1384 2664 est,

354 2692 387 2746 et
400 2679 595 2754 diademate,
618 2677 704 2759 quod
722 2676 756 2742 C.
779 2675 941 2762 Caligula,
966 2681 1097 2742 demens
1117 2681 1170 2744 ille
1190 2683 1385 2766 Imperator,

345 2793 480 2844 sumere
491 2775 647 2851 voluerat,
665 2785 762 2857 caput
774 2775 944 2841 cinxerunt
957 2783 1030 2858 post
1042 2771 1279 2842 Diocletianum
1291 2779 1384 2844 Prin-

347 2881 442 2962 cipes
454 2893 474 2943 ¹.

398 2978 482 3056 Qui,
499 2993 601 3058 quum
614 2990 741 3040 omnem
752 2975 947 3058 Reipublicae
959 2985 1074 3060 statum
1087 2977 1289 3055 emendaret,
1303 2983 1386 3061 pris·

351 3097 408 3144 cas
423 3078 565 3170 delectus
580 3075 683 3158 leges,
706 3089 741 3144 ut
760 3077 921 3143 obsoletas
935 3085 967 3142 et
982 3078 1073 3141 novis
1089 3075 1233 3142 moribus
1249 3093 1382 3145 contra-

354 3183 435 3258 rias,
450 3189 574 3243 mutare
590 3188 824 3260 aggressusest.
846 3177 915 3244 Hoc
929 3180 1014 3243 enim
1031 3177 1172 3243 delectus
1188 3183 1302 3246 veteris
1312 3185 1383 3247 luu-

352 3284 538 3346 damcntum
550 3287 636 3354 erat,
650 3277 737 3360 quod
749 3296 861 3342 omnes
873 3279 974 3355 cives,
987 3279 1160 3345 dummodo
1172 3279 1277 3344 idonci
1288 3291 1378 3342 aetate

353 3385 472 3460 forent,
486 3397 604 3445 nomen
616 3378 759 3462 profiteri
770 3375 937 3457 deberent,
949 3397 1048 3462 quum
1063 3381 1132 3445 illos
1143 3378 1253 3442 consul
1263 3379 1381 3443 aliusve

353 3469 554 3567 magistratus
566 3480 683 3554 viritim
696 3479 839 3560 eligeret.
861 3479 924 3545 Sed
939 3481 1104 3562 quomodo
1121 3480 1263 3546 delectus
1274 3479 1384 3545 haberi

353 3591 497 3664 poterat,
519 3596 618 3662 quum
634 3578 700 3643 lere
711 3596 827 3642 omnes
849 3598 1051 3662 possessores
1067 3583 1315 3664 municipalibus
1329 3582 1385 3647 ho·

354 3683 487 3749 norihus
510 3679 647 3744 devincti
670 3689 860 3746 tenerentur
874 3699 897 3760 ²,
922 3693 954 3746 et
974 3683 1040 3746 iere
1057 3701 1170 3746 omnes
1188 3683 1298 3747 rustici
1315 3709 1328 3743 a
1345 3684 1387 3746 ita

358 3812 370 3847 ι
386 3785 486 3868 glebis
501 3781 713 3858 inhaererem,
730 3793 766 3846 ut
780 3779 959 3866 ue'puncto
975 3781 1104 3865 quidem
1122 3785 1277 3860 temporis
1288 3783 1388 3848 debe-

385 4009 395 4040 *
410 4006 484 4062 Suet.
499 4005 529 4059 C.
543 4004 656 4075 caligat.
667 4008 711 4062 ld.

386 4087 482 4160 ‘Code
490 4088 540 4143 Th.
555 4093 583 4144 ct
591 4086 687 4143 lustin.
703 4087 737 4146 do
747 4085 918 4148 Decurionib.
934 4085 1044 4160 passim.
