3182 4978
657 475 836 534 ..17-

231 611 444 695 imperatoriae
459 610 624 691 potcstatis
638 611 795 674 rationem
811 611 1041 691 excogitasset,
1059 610 1262 694 etpleraque

231 709 437 792 sequentibus
453 709 631 774 omuibus
644 711 787 774 iacienda
816 711 950 776 consilio
965 711 1154 794 reliquisset.
1176 709 1263 776 luter

233 813 301 876 baec
316 811 483 887 Maecenas,
493 822 550 875 aut
564 813 670 892 potius
685 812 759 886 Dio,
776 827 844 876 rem
857 813 983 875 maximi
999 813 1154 876 momenti
1169 813 1266 894 pouit

234 911 414 988 delectum,
431 923 463 976 et
477 928 641 994 uunquam
664 913 870 976 dimittendos
886 913 1043 978 exercitus
1059 923 1082 976 ⁴.

275 1013 394 1078 Mutata
413 1015 509 1095 igitur
524 1014 564 1078 ad
579 1034 652 1079 eum
668 1016 798 1078 modurn
813 1033 848 1078 re
864 1013 1014 1090 militari,
1030 1025 1137 1078 uasna
1149 1011 1265 1078 stativa

233 1115 350 1196 quibus
365 1115 560 1194 hiemarent,
576 1117 758 1182 babuerunt
774 1117 938 1198 legiones,
950 1127 983 1181 et
1004 1107 1194 1199 plerumque
1206 1110 1266 1178 ha-

234 1215 309 1280 bitis
319 1233 379 1298 per
391 1216 518 1281 casdem
529 1219 730 1300 provincias,
744 1220 776 1280 iu
789 1207 1128 1299 quibuscousideltaut
1135 1259 1146 1294 ,
1158 1216 1266 1280 delec-

234 1318 320 1383 tibus
349 1315 504 1402 suppletae
523 1333 598 1387 sunt
613 1329 632 1386 ³.
653 1323 716 1387 Sed
740 1323 817 1384 nihil
837 1339 876 1388 ex
898 1323 993 1386 certis
1015 1321 1162 1402 legibus,
1186 1320 1264 1382 nihil

235 1429 419 1484 constanter
440 1420 551 1496 fiebat3
580 1419 721 1483 delectus
742 1412 1026 1501 strpplamentaque
1047 1437 1087 1482 cx
1101 1429 1284 1499 tempore,-

235 1531 332 1601 prout
346 1519 548 1602 Principibus
560 1520 724 1597 libuisset,
736 1531 791 1584 aut
801 1529 949 1602 posceret
965 1517 1152 1594 necessitas,
1171 1517 1268 1581 habe·

236 1621 361 1684 bantur.
382 1621 446 1684 Nec
464 1623 562 1702 magis
578 1622 768 1701 praefinitum
784 1631 853 1683 erat
867 1631 946 1701 quot
959 1621 1075 1684 milites
1091 1667 1099 1695 ,
1117 1637 1177 1702 nec
1191 1619 1268 1699 qui-

235 1722 296 1784 bus
310 1722 343 1782 iu
359 1723 553 1802 provinciis,
568 1721 727 1784 scribendi
742 1720 937 1796 essen13sed
954 1719 1141 1784 haecomnia
1156 1717 1269 1781 lucon-

113 1902 117 1908 .
236 1821 687 1902 sultcetimprovideliebaut.
704 1821 910 1902 Quapropter
921 1820 1081 1896 delectus,
1095 1827 1151 1882 aut
1161 1819 1276 1900 potins*

236 1923 351 1985 veteris
378 1922 519 1985 delectus
545 1924 690 2003 species,
719 1949 731 1982 a
747 1922 894 2004 perpetui
909 1921 1127 2003 pracipuique
1142 1919 1269 1983 timoris

241 2041 293 2086 res
317 2017 327 2049 ⁸
347 2047 360 2079 a
381 2021 567 2099 videbatur,
587 2027 625 2086 'ct
659 2051 671 2084 u
700 2031 811 2105 suapte
836 2031 950 2086 natura
976 2022 1099 2102 gravis,
1127 2047 1140 2078 s
1166 2033 1265 2101 utrum

238 2122 419 2188 inordinate
437 2133 595 2204 ageretur,
612 2125 778 2188 molestior
796 2124 893 2187 tiebat
906 2121 925 2185 ¹.

281 2221 445 2284 Francicte
459 2220 546 2298 leges
562 2219 603 2281 de
617 2221 765 2296 delectu,
781 2227 817 2283 nt
829 2229 909 2301 pote
924 2232 996 2301 quae
1006 2217 1128 2282 militiae
1143 2233 1226 2281 onus
1237 2217 1270 2278 iu

240 2335 397 2404 pauperes
410 2320 572 2401 praecipue
588 2319 754 2395 inclinent,
770 2319 965 2384 hauddubie
979 2319 1104 2383 uuerbae
1118 2328 1205 2394 sunt,
1215 2318 1271 2382 aad

239 2420 300 2484 hoc
327 2419 468 2484 utilitatis
486 2431 519 2484 et
537 2421 694 2502 aequitatis
712 2417 855 2496 liabent,
890 2421 977 2500 quod
1004 2416 1106 2482 sciant
1125 2420 1271 2499 juniores

238 2539 303 2602 quo
318 2531 463 2600 tempore
479 2531 511 2582 et
525 2521 690 2598 quomodo
713 2537 830 2582 nomeu
848 2519 968 2581 militiae
984 2517 1049 2581 sint
1069 2519 1173 2582 daturi
1186 2561 1197 2593 ,
1214 2528 1248 2581 et
1261 2553 1281 2593 ,·

240 2629 407 2700 postquam
424 2621 581 2683 immunes
607 2635 676 2683 sors
697 2630 751 2682 aar
769 2619 946 2702 redemptio
973 2620 1166 2696 reddiderit,
1195 2621 1271 2683 satis

239 2735 300 2801 pro
314 2721 416 2800 patria
440 2729 472 2783 et
496 2719 618 2801 legibus
633 2720 788 2795 iecerint,
809 2729 840 2783 et
856 2721 1055 2784 vacationem
1071 2740 1088 2784 a
1105 2720 1217 2784 militia
1237 2721 1270 2782 iu

239 2820 381 2882 futurum
393 2819 540 2883 babeant.
554 2819 662 2901 Longe
673 2821 766 2884 aliter
777 2820 873 2884 liebat
884 2822 969 2902 apud
980 2821 1161 2895 Romanos,
1171 2835 1270 2901 quum

240 2918 281 2980 ab
295 2918 544 2997 imperatoribus
570 2932 765 3000 regeruntur.
796 2919 866 2985 Non
889 2921 996 2997 enirn,
1014 2929 1087 2984 ante
1109 2920 1274 3001 quinqua-

240 3019 392 3100 gesimum
404 3033 536 3093 anuum,
555 3018 632 3081 civis
643 3027 904 3100 poteratomuem
915 3036 1057 3102 operam,
1072 3020 1145 3084 belli
1159 3021 1273 3084 luimu-

241 3123 290 3183 nis
298 3167 308 3210 ,
327 3119 448 3184 artibus
462 3119 550 3200 pacis
565 3130 635 3182 tuto
652 3119 836 3200 impendere
852 3117 872 3183 ⁶.
895 3123 1016 3186 Nostris
1030 3134 1137 3186 autem
1150 3121 1272 3202 legibus

242 3229 365 3283 cunctae
382 3220 505 3300 imperii
530 3229 636 3300 partes
661 3220 782 3284 militiae
802 3216 887 3285 onus
905 3223 1068 3304 aequaliter
1091 3223 1271 3296 sustinent,

240 3332 272 3384 at
288 3321 450 3402 impariter
469 3320 554 3401 apud
570 3322 732 3387 Romanos
748 3323 888 3388 delectus
906 3325 1107 3406 exigebatur,
1123 3336 1272 3406 utquam

240 3421 310 3483 aliae
327 3422 500 3501 provinciae
516 3442 573 3503 per
590 3423 719 3504 longum
736 3425 889 3506 temporis
906 3426 1042 3506 spatium
1066 3426 1098 3486 in
1115 3425 1183 3488 alta
1194 3443 1272 3506 pace

241 3521 409 3599 degerent,
436 3533 468 3586 et
493 3521 598 3588 nullos
623 3525 745 3588 tirones
761 3524 951 3589 exhiberent
963 3523 985 3600 ⁷,
1017 3524 1086 3588 aliae
1103 3533 1170 3588 toto
1195 3523 1270 3589 belli

276 3777 284 3808 ⁴
298 3777 375 3832 Dion.
390 3777 408 3831 l.
423 3779 466 3832 Ll.
801 3784 811 3814 ⁸
826 3783 888 3838 Tac.
904 3783 972 3838 llisl.
988 3781 1032 3848 lV,
1049 3783 1091 3835 lt.

279 3855 366 3910 ’Tac
387 3856 484 3913 Annal.
497 3859 542 3926 111,
556 3861 600 3914 tl.
802 3863 812 3891 ⁵
827 3857 1133 3932 Lexaquinquagesimo
1143 3871 1213 3912 anno
1223 3857 1283 3910 mi·

278 3934 439 3991 ³Proximas
448 3952 496 4007 par
508 3938 670 4009 provincias.
687 3941 750 3995 Tac.
807 3939 881 3995 litem
894 3955 945 3995 non
958 3938 1038 4009 cogit.
1050 3940 1111 3993 Seu.
1121 3933 1156 3991 de
1166 3933 1209 3988 Br.
1221 3931 1268 3988 vit,

243 4016 651 4089 n.xl11,7.ll.35;llar.vl,
667 4025 759 4079 dell.
798 4023 842 4080 ll).

280 4099 369 4156 '‘Voll.
381 4103 511 4166 Patercul,
524 4105 557 4170 ll,
574 4107 633 4162 150.
798 4111 807 4138 ⁷
821 4107 884 4160 Tac.
900 4105 996 4160 rinnai.
1010 4105 1090 4172 Xill,
1104 4107 1147 4162 55.

1096 4193 1115 4250 2
