3170 4984
668 419 847 486 ...117-

281 563 456 628 Crescente
470 575 546 622 vero
558 558 589 620 in
601 556 669 620 dies
680 555 735 636 huj
740 573 775 618 us
787 551 976 636 improbatae
984 552 1164 619 collationis
1175 571 1269 620 acer·

236 664 358 738 bitate,
375 660 463 726 omni
479 674 539 741 ope
555 668 588 723 et
602 675 700 739 opera
720 655 805 720 enini
821 664 896 718 sunt
910 671 1125 736 possessores,
1144 667 1179 720 ut
1194 671 1270 737 gra-

241 763 403 826 vissimum
420 779 500 826 onus
517 779 536 824 a
554 775 588 823 se
603 766 814 822 removerent.
835 754 1006 821 'l'ributum
1022 756 1107 819 enim
1125 774 1268 821 annuum

239 861 419 944 pendebant
444 861 669 942 potiusquam
691 857 838 940 Juniores
854 854 1076 937 praestarent‘;
1099 856 1155 920 sed
1170 874 1268 938 quum

239 961 333 1026 simul
349 961 522 1042 pecuniam
536 959 690 1041 pendere,
707 957 799 1022 simul
815 957 937 1020 tirones
951 955 1109 1036 praebere,
1126 956 1271 1038 plerum-

235 1079 301 1143 que
317 1071 524 1142 cogerentur,
540 1060 580 1123 ad
592 1059 700 1123 dolum
717 1058 882 1133 conversi,
899 1055 1049 1120 omnibus
1063 1057 1167 1121 modis
1179 1076 1271 1122 exac-

236 1173 326 1226 tores
349 1172 381 1224 et
403 1161 592 1242 probatores
613 1159 762 1240 decipere
777 1157 986 1223 conabantur.
1010 1157 1167 1239 blancipia
1184 1159 1271 1223 enim

238 1271 272 1324 et
288 1261 422 1326 colonos
437 1261 559 1325 alienos
569 1262 593 1336 ¹,
615 1260 665 1324 vel
683 1277 817 1339 vagum,
841 1255 889 1321 vel
909 1258 1126 1335 desertorem,
1148 1259 1198 1322 vel
1214 1275 1272 1322 re-

238 1363 341 1425 terani
359 1362 480 1438 lilium,
501 1363 550 1426 vel
568 1360 732 1442 indignum
749 1356 957 1422 ollerebantl.
976 1357 1112 1424 Tirones
1124 1375 1270 1440 quoque,

231 1471 277 1523 'ut
287 1461 431 1527 militiam
443 1463 610 1544 lugerent,
624 1477 736 1554 omnes
747 1455 914 1523 tentabant
925 1458 1013 1535 vias,
1029 1469 1061 1524 et
1072 1459 1120 1524 vel
1134 1459 1271 1526 latebras

239 1557 427 1638 quaerebant
438 1556 463 1634 ⁸,
482 1559 529 1622 vel
541 1559 656 1637 digitos
668 1555 859 1619 mutilabant
867 1556 891 1629 ⁸,
908 1555 957 1617 uel
967 1555 1157 1624 deserebant
1176 1556 1200 1623 ⁸:
1217 1576 1273 1628 ant

238 1658 420 1722 sacerdotio
442 1657 661 1731 initiabantur,
684 1666 739 1719 aut
760 1655 849 1736 quod
871 1652 1045 1720 Galliarum
1065 1660 1206 1722 rustici«
1226 1664 1272 1727 ire
1343 1665 1350 1678 '

242 1757 305 1819 ‚in
328 1757 553 1839 Bagaudiam»
579 1757 755 1832 vocabant,
776 1754 1060 1820 latrocinabantur.
1093 1757 1200 1838 Quum
1225 1765 1271 1827 sic

239 1856 474 1922 reluctarentur
485 1867 517 1922 et
525 1858 771 1921 adversarentur
781 1855 915 1938 subjecti
925 1899 935 1932 ,
954 1883 967 1917 a
986 1858 1114 1923 indictis
1122 1879 1181 1942 per
1192 1881 1272 1945 pro-

245 1957 391 2022 »vincias
405 1959 577 2034 tirociniis,
594 1958 699 2022 omnis
717 1957 798 2020 ordo
812 1967 844 2020 et
857 1957 1014 2037 professio
1030 1961 1204 2024 vexabatur
1215 1965 1234 2024 ⁷.
1251 1991 1265 2024 ι

239 2058 318 2124 Nam
333 2060 503 2124 temonarii
519 2060 574 2141 qui
585 2057 733 2140 juniores
744 2057 932 2136 exigebant,
946 2058 1103 2136 promissa
1116 2077 1273 2140 quorum-

237 2157 312 2224 dam
328 2177 498 2222 munerum
516 2159 708 2221 liberatione
724 2157 757 2217 in
773 2155 942 2219 collatores
956 2165 989 2219 et
1002 2156 1124 2223 tirones
1138 2179 1273 2245 exaspe-

241 2255 338 2330 ratii,
356 2265 389 2317 et
398 2253 517 2318 tribuni
535 2254 590 2336 qui
603 2253 871 2336 requirendorum
886 2251 1085 2318 desertorum
1103 2259 1272 2326 sumebant

238 2351 380 2415 odicium
392 2349 413 2427 ⁹,
432 2377 445 2410 ι
465 2351 525 2427 sub
539 2350 724 2432 hujusmodi
746 2350 945 2432 professione
961 2353 1144 2430 provincias
1165 2370 1273 2422 rasta-

240 2479 252 2510 »
270 2453 358 2514 bant.
375 2451 507 2530 »Leges
530 2461 644 2512 autem·
658 2449 755 2512 modo
771 2447 966 2528 indulgentia
982 2465 1151 2528 revocare,
1168 2458 1273 2524 modo

238 2565 409 2630 paenarum
437 2548 603 2612 atrocitate
629 2557 760 2612 terrere
776 2547 908 2611 militem
935 2549 1145 2617 conabantur.
1181 2557 1273 2623 Nunc

242 2648 326 2712 enirn
340 2649 536 2730 poeniteutiae
552 2649 644 2712 datus
658 2658 727 2712 erat
746 2648 854 2722 locus,
878 2665 965 2712 nune
980 2667 1057 2715 vero
1074 2655 1200 2720 metalla
1217 2669 1272 2724 aut

239 2749 321 2830 ignis
334 2760 367 2812 et
381 2751 567 2814 confiscatio
585 2749 751 2813 ‘bonorum
767 2747 986 2812 desertoribus
1008 2762 1041 2812 et
1063 2755 1273 2822 occultatori-

237 2849 301 2911 bus
316 2863 428 2912 eorum
443 2849 708 2929 proponebantur
719 2844 754 2914 ⁴⁰.
773 2847 837 2912 Sed
858 2849 975 2912 trustra
992 2849 1183 2919 haecomnia
1199 2867 1273 2922 ten-

237 2947 402 3024 sabantur,
429 2957 461 3012 et
483 2965 567 3029 saepe
593 2967 666 3011 cum
693 2949 930 3029 possessoribus
951 2961 983 3018 et
1005 2952 1185 3032 tironibus,
1211 2960 1269 3042 ipsi

235 3048 353 3125 etiam,
374 3047 429 3130 qui
445 3048 546 3130 legem
562 3047 735 3112 detondere
750 3047 953 3126 debuissent,
974 3053 1154 3132 pactionem
1178 3060 1271 3126 iruu-

274 3305 428 3362 ¹rimmiam
442 3306 550 3375 XXlll,
564 3307 608 3374 tv,
625 3309 652 3362 l.

274 3387 351 3443 ’Tic
364 3387 399 3442 de
412 3387 533 3456 tironib,
544 3389 562 3444 l.
581 3392 623 3445 lt.

277 3469 352 3536 ¹11),
369 3470 388 3524 l.
402 3472 430 3525 7.

271 3553 286 3585 '¹
299 3551 352 3620 lb.,
364 3551 384 3606 l.
400 3553 444 3607 bl.

274 3633 347 3689 ”Tib
361 3635 458 3700 XXll,
474 3633 493 3688 l.
507 3635 532 3688 l.

273 3718 284 3751 ⁸
296 3716 336 3772 (ll.
348 3715 389 3771 tit.
403 3715 439 3771 ds
451 3714 611 3772 desertoris.

273 3797 426 3853 'Ammian
440 3798 518 3864 XXl,
531 3797 581 3868 Vl,
594 3802 622 3857 o.

276 3878 364 3934 ⁸Cod.
376 3880 478 3937 Tbsod.
493 3880 550 3950 llll,
568 3883 609 3939 tit.
622 3882 712 3942 XVlll
720 3928 728 3956 ,
743 3886 760 3942 l.
777 3887 804 3944 5.

275 3962 287 3992 ⁹
302 3959 342 4016 ld.
355 3960 405 4029 ib.,
417 3961 436 4015 l.
452 3963 496 4017 ll..

275 4044 299 4077 ⁴⁰
311 4043 350 4101 Gi.
362 4045 402 4100 tit.
417 4046 506 4103 Xlllll
518 4047 552 4105 de
565 4050 748 4116 desertoribus
760 4058 787 4110 et
798 4048 1009 4108 occultatoribus
1021 4057 1125 4100 eorum.
