3182 4978
760 401 938 464 -38-

335 541 631 610 libusconstitutnm
643 548 722 603 erat.
733 537 829 616 Quod
840 553 969 611 munus,
987 536 1174 619 Prototppin
1185 543 1362 615 vocatum,

333 664 432 730 quum
453 641 636 716 sordidum,
660 649 698 702 ut
719 638 804 719 leges'
824 637 1011 719 loquuntur,
1030 636 1215 714 haberetur,
1237 650 1365 722 «atque

334 745 407 810 iden
423 763 442 808 a
458 742 627 808 senatoriis
644 731 799 804 domibus
814 737 1067 802 submovendum
1082 733 1107 814 ¹3
1130 763 1143 797 ι
1161 738 1331 820 gerebatur
1346 759 1365 803 a

316 843 527 922 scuriatibus.
543 841 590 905 llli
605 851 711 906 antem
727 838 926 907 aeslimabant
937 837 1048 921 quanti
1064 849 1226 904 constaret
1242 867 1256 900 ι
1272 839 1365 904 adve-

334 963 449 1010 narum
475 942 635 1024 coemptio
652 941 871 1023 iuniorum‚»
893 949 926 1003 et
940 938 1108 1004 collatores
1127 939 1168 1003 ab
1183 939 1230 1004 eis
1244 941 1367 1005 consti-

336 1056 437 1111 tutum
456 1043 593 1127 pretium
609 1043 731 1108 soluere
746 1041 942 1124 cogebantur
956 1049 975 1104 ⁸.
999 1039 1041 1104 At
1055 1058 1132 1104 vero
1148 1052 1223 1122 post
1236 1041 1367 1106 Diocle-
1386 1047 1392 1058 '
1498 1025 1502 1032 ’

335 1146 457 1210 tiannm
480 1153 649 1208 senserunt
674 1143 887 1224 Imperatores
909 1141 1017 1206 omnia
1039 1140 1135 1223 hujus
1161 1142 1296 1206 instituti
1318 1143 1368 1204 in-

336 1243 513 1310 commoda.
545 1240 783 1324 llepasoebatur
806 1242 911 1317 enim,
939 1251 975 1304 ut
990 1241 1115 1322 turgide
1134 1242 1212 1306 dicit
1227 1241 1366 1319 Valens,

339 1371 353 1404 ι
372 1343 562 1426 prototypiae
587 1360 704 1406 munus
727 1343 852 1405 interna
875 1342 1134 1423 provinciarum:
1155 1369 1168 1402 ι
1193 1343 1300 1424 itaque
1332 1356 1369 1408 nt

340 1472 354 1506 ι
374 1444 415 1509 ab
438 1445 509 1507 imis
528 1443 689 1507 radicibus
706 1452 873 1506 erueretur
893 1467 906 1500 ι
926 1454 1118 1520 sanxerunt,
1141 1453 1173 1508 et
1195 1443 1367 1524 quamdam

336 1561 451 1609 novam
469 1542 679 1608 «facilitatem
696 1541 1019 1625 commoditatemque
1032 1543 1177 1625 exigendi
1192 1567 1204 1602 ι
1223 1543 1370 1609 institue-

336 1656 414 1710 runt
427 1641 448 1708 ¹.
470 1642 610 1709 Valentis
633 1643 719 1707 enim
742 1643 810 1723 lege
828 1642 954 1724 jussum
970 1644 1032 1708 luit
1053 1644 1260 1722 collatorem,
1277 1646 1368 1728 cujus

341 1771 355 1806 ι
375 1745 534 1826 possessio
550 1745 594 1808 ita
613 1761 727 1824 magna
745 1753 850 1817 esset,
867 1753 903 1806 ut
917 1743 1064 1822 accipere
1086 1761 1152 1807 non
1178 1756 1286 1826 posset
1309 1747 1369 1811 ad-

337 1873 350 1906 ·
366 1844 569 1926 junctum...
588 1861 648 1924 pro
665 1860 724 1906 suo
740 1859 876 1906 numero
892 1842 925 1906 iu
941 1842 1122 1908 exhibendo
1138 1845 1244 1910 tirone
1265 1846 1366 1912 solum

338 1973 351 2006 ι
372 1945 476 2026 ipsum
489 1943 693 2026 respondere.
708 1969 720 2004 ι
739 1941 804 2022 Qui
819 1961 895 2007 vero
907 1944 1035 2026 exiguas
1046 1947 1264 2027 possessiones
1276 1949 1368 2014 habe

338 2047 435 2124 bant,
452 2045 650 2111 consortium
669 2045 754 2108 inter
777 2062 812 2108 se
831 2044 1030 2125 praebitionis
1045 2046 1168 2112 inibant
1190 2059 1223 2113 et
1236 2049 1271 2111 in
1286 2051 1363 2113 vices

335 2143 499 2226 juniorem
515 2147 643 2212 dabunt.
664 2145 806 2211 Sinuero'
820 2165 934 2211 annum
950 2158 1102 2230 essetpro
1118 2149 1277 2214 tironibus
1292 2151 1364 2214 inie-

339 2245 494 2318 rendum‚
512 2243 729 2322 unnsquisque
742 2256 803 2322 pro
816 2243 913 2308 modo
929 2245 1130 2326 capitationis
1146 2265 1212 2312 suae
1228 2249 1369 2323 debitum

340 2341 483 2410 solvebat
498 2342 518 2407 ⁸.
538 2339 721 2408 Vocabatur
737 2352 843 2407 antem
873 2348 1065 2412 temerarios
1090 2348 1144 2429 qni
1164 2349 1367 2415 munusturi

339 2461 400 2527 pro
411 2442 596 2526 junioribus
607 2441 752 2523 exigendi
761 2441 909 2523 gerebat,
927 2453 959 2507 et
968 2461 1067 2526 quum
1078 2466 1195 2516 munus
1206 2448 1368 2516 sordidum

339 2555 442 2620 esset,
462 2543 605 2610 curiales
620 2543 704 2606 iuter
717 2561 751 2608 se
766 2542 844 2607 illud
856 2543 1077 2625 partiebantur
1087 2550 1106 2614 ⁸.
1127 2550 1191 2616 Lex
1206 2553 1302 2616 etiam
1316 2550 1371 2614 de·

340 2644 518 2724 signaverat
531 2643 668 2724 pretium
682 2642 842 2723 Junioris,
859 2662 920 2726 pro
937 2664 1001 2728 qno
1018 2649 1186 2714 collatores
1199 2670 1253 2713 sex
1267 2663 1299 2714 et
1314 2653 1371 2714 tri-

340 2745 426 2825 ginta
456 2745 576 2809 sulidos
598 2745 778 2809 temonario
809 2746 957 2812 conferre
987 2748 1146 2814 debebant
1161 2756 1181 2812 ⁷.
1202 2749 1237 2812 ln
1261 2748 1369 2814 Africa

340 2863 417 2912 vern
428 2847 569 2911 cariores
584 2855 676 2909 erant
690 2846 812 2910 tirones
826 2858 859 2911 et
872 2849 1011 2912 trecenis
1027 2852 1132 2916 aureis
1148 2851 1365 2916 constabant⁸.

384 2947 511 3028 ltaque,
529 2956 651 3010 mutato
666 2946 783 3011 mirum
799 2948 832 3011 in
851 2951 981 3014 modum
994 2950 1136 3024 delectu,
1151 2952 1262 3012 militia
1274 2953 1371 3011 vecti*

340 3045 419 3125 galis
436 3063 512 3128 pars
534 3056 620 3124 erat,
638 3059 670 3112 et
683 3049 819 3131 pecunia
844 3047 1067 3113 redimebatur.
1101 3044 1164 3108 Sed
1178 3043 1368 3109 Diocletiani

376 3270 386 3303 ¹
405 3269 515 3326 Nullum
534 3272 590 3342 jam
610 3273 738 3340 dubium,
752 3269 915 3338 Prototypiae
937 3279 1035 3321 munus
1055 3279 1116 3324 esse
1136 3282 1234 3326 munus
1252 3267 1371 3327 formalis

341 3351 420 3443 pretii
430 3355 565 3411 statuendi
575 3370 624 3426 pro
636 3353 776 3410 tironibus.
786 3348 893 3406 Gothos.
904 3348 1053 3405 comment.
1067 3350 1102 3406 ad
1115 3350 1166 3422 leg.
1179 3353 1206 3408 i.
1215 3352 1254 3410 tit.
1264 3353 1370 3422 XXlll,

341 3433 389 3552 hb?
400 3435 498 3578 {abac
513 3537 558 3593 ap.
572 3520 638 3576 coa.
651 3517 753 3574 meon.
768 3517 819 3572 100.
834 3514 905 3572 laun.

377 3599 467 3658 ³Cnd.
482 3602 584 3659 Theod.
599 3601 617 3654 l.
633 3603 694 3667 Vll,
709 3599 749 3653 tit.
765 3597 845 3665 Xlll,
859 3597 878 3655 l.
894 3600 922 3654 7.

377 3683 502 3820 :gend
517 3684 564 3741 lib.
578 3685 638 3750 vll,
649 3682 690 3736 tit.
704 3681 782 3745 xiil,
796 3679 815 3736 l.
829 3681 857 3736 7.

378 3806 502 3911 ⁸1n2v1,
517 3849 557 3904 ut.
571 3849 687 3918 xxxv,
702 3849 719 3906 l.
735 3851 792 3907 set
805 3849 955 3908 comment.
971 3847 1077 3906 ootnor.
1095 3845 1128 3901 aa
1142 3844 1169 3900 n.
1185 3844 1235 3918 rag.

379 3929 389 3958 ⁷
402 3925 444 3980 tb.
458 3930 519 3995 vll,
533 3929 574 3986 tit.
587 3932 664 3998 Xlll,
679 3933 696 3988 l.
713 3935 740 3988 t.

379 4008 442 4063 ⁸lb.
459 4008 476 4062 l.
494 4011 538 4065 20.
