3182 4978
643 459 821 520 ..15-

220 593 445 699 (Στρατιῶτας
463 588 643 670 ἀθανάτους
655 583 870 688 rpe‘tpeoflotu)¹
886 592 981 671 Quod
999 592 1078 655 tanti
1095 594 1248 656 momenti

218 716 304 780 erat,
322 713 358 768 ut
372 699 502 765 Graecus
517 706 631 762 auctor
645 693 846 762 Herodianus
862 695 973 761 falsam
989 693 1049 760 sibi
1061 693 1250 776 opinionem

219 805 379 870 induxerit
404 801 443 864 de
477 817 611 864 romano
639 796 809 872 exercitu,
833 811 928 878 quem
950 805 1024 878 post
1046 795 1248 876 Augustum,

219 908 450 976 mercenarium
473 894 713 994 (ptoddpopos)
732 901 828 966 inisse
848 901 958 964 credat
967 906 987 964 ¹.
1007 897 1078 965 lion
1095 902 1179 965 enirn
1191 903 1251 965 sti-

217 1011 370 1094 pendium
392 1007 528 1070 instituit
555 1003 737 1084 daganus,
769 1015 828 1066 nec
848 999 990 1080 legiones
1012 1001 1172 1064 extraneis
1195 1001 1250 1064 sed

219 1111 342 1178 civibus
358 1107 534 1191 supplevit,
553 1115 585 1172 et
607 1105 728 1169 idcireo
746 1103 847 1178 civili,
864 1119 928 1167 non
946 1103 1145 1168 mercenario
1157 1121 1253 1199 exer-

220 1217 285 1280 citu
310 1229 389 1278 usus
416 1220 472 1274 est.
1263 1275 1269 1298 ,Ι

265 1313 442 1389 Caeterum,
464 1329 562 1393 quum
582 1310 723 1391 legiones
741 1305 801 1372 sub
822 1307 918 1370 armis
939 1307 1109 1383 retineret,
1145 1319 1176 1371 et
1199 1325 1252 1374 eas

221 1415 335 1478 exinde
355 1429 420 1477 non
438 1411 574 1494 amplius
592 1415 833 1482 exauctoraret,
865 1408 1002 1488 tempori
1022 1416 1055 1472 et
1074 1407 1253 1473 necessitati

223 1513 418 1578 consulebat.
433 1515 512 1578 Nam
524 1529 563 1576 ex
579 1527 663 1592 quo,
681 1507 826 1573 civilibus
841 1507 963 1572 artibus
974 1501 1172 1590 antepositis,
1189 1507 1256 1572 bel·

223 1613 301 1676 licas
321 1631 472 1677 exercere
486 1611 573 1675 domi
593 1609 757 1674 desierunt
778 1609 934 1684 Romani,
951 1609 1094 1672 nonnisi
1118 1608 1255 1690 imperiti

223 1715 346 1778 tirones
360 1713 497 1777 delectui
510 1706 766 1792 respondebant,
783 1707 876 1774 etsie
892 1709 1147 1791 conscriptorum
1168 1719 1257 1773 vete-

223 1819 375 1880 ranorum
392 1813 493 1878 robur
508 1810 741 1876 debilitabatur.
762 1809 833 1876 Hoc
849 1819 954 1874 autem
970 1811 1157 1892 precellunt
1177 1827 1258 1892 gen-

225 1928 293 1991 tes,
316 1933 388 1996 quae
410 1912 601 1978 exercitibus
627 1931 666 1976 ex
686 1922 831 1995 tempore
854 1911 1027 1975 contractis
1053 1921 1198 1986 utuntur,
1223 1923 1259 1976 ut

228 2015 312 2078 cives
334 2031 446 2078 omnes
467 2015 499 2078 in
515 2012 690 2078 delectibus
710 2013 841 2078 nomina
856 2013 949 2087 dent,
970 2031 1068 2094 quum
1084 2014 1205 2094 pariter
1227 2023 1260 2076 et

223 2115 348 2197 junior,
361 2125 393 2180 et
408 2116 529 2193 senior,
539 2125 571 2179 et
585 2115 669 2189 tiro,
682 2113 790 2194 etjam
802 2114 959 2193 stipendis
974 2114 1126 2190 meritus,
1140 2112 1259 2177 eisdem

228 2217 331 2296 campi
354 2216 437 2279 ludis
452 2215 493 2278 ad
512 2213 631 2278 bellurn
652 2212 772 2292 parati,
790 2211 900 2276 eadem
919 2213 1061 2296 pericula
1078 2215 1167 2278 adire
1181 2231 1260 2296 pos-

229 2315 301 2377 sint.
317 2312 370 2377 Sic
383 2315 504 2396 antiqui
516 2311 643 2394 viguere
652 2311 786 2379 Romani
798 2359 808 2389 ,
822 2313 867 2376 sic
880 2311 1005 2394 imperii
1022 2331 1152 2380 crevere
1167 2331 1254 2397 opes.

229 2411 311 2491 Sed,
325 2413 445 2478 ultimis
465 2413 662 2497 Reipublicae
678 2411 895 2496 temporibus,
915 2431 988 2475 cum
1005 2413 1126 2477 tirones
1141 2415 1261 2495 pariter
1323 2427 1328 2436 “

230 2515 429 2578 inexercitati
455 2516 496 2576 ad
525 2521 759 2575 sacramentum
785 2512 1006 2593 adigerentur,
1032 2529 1097 2577 non
1127 2514 1262 2595 amplius

231 2613 348 2676 viritim
379 2612 435 2676 sed
458 2613 571 2677 sortito
593 2606 837 2694 eligebantur³3
870 2612 962 2693 parvi
975 2613 1075 2700 ⁸eninr
1112 2615 1265 2680 intererat

231 2713 302 2794 quis
315 2713 398 2776 inter
408 2713 526 2777 inertes
537 2709 716 2794 legionibus
728 2724 1004 2777 annumeraretur.
1018 2714 1155 2782 Necesse
1168 2717 1265 2798 igitur

230 2823 299 2877 erat
322 2813 438 2877 milites
454 2813 514 2888 ali,
532 2814 587 2894 qui
604 2831 730 2896 semper
747 2813 780 2875 in
806 2813 902 2876 armis
922 2824 1047 2890 essent,
1072 2814 1265 2898 bellicasque

232 2921 316 2974 artes
332 2912 459 2974 assiduo
476 2924 680 2988 exercerent,
697 2913 772 2976 dum
790 2914 897 2978 caeteri
913 2915 945 2976 in
964 2931 1043 2996 pace
1058 2925 1090 2978 et
1109 2915 1177 2984 otio
1192 2935 1266 2982 ver-

122 3081 128 3088 ,
234 3021 389 3076 serentur.

280 3112 440 3192 Augustus
464 3112 559 3193 igitur
580 3111 721 3192 legiones
737 3123 908 3196 perpetuas
930 3114 1058 3192 babuit,
1076 3127 1108 3180 et
1123 3121 1267 3199 quamvis

233 3215 267 3276 in
289 3213 350 3276 bac
367 3231 402 3276 re
422 3213 558 3277 maxime
581 3221 731 3278 notatum
752 3214 882 3290 luisset,
907 3215 958 3278 vix
973 3217 1267 3284 animadverterunt

233 3315 321 3380 latini
340 3316 520 3398 scriptores.
542 3317 640 3383 Moris
655 3317 740 3382 enim
763 3317 849 3401 apud
869 3319 1018 3402 antiquos
1039 3331 1126 3398 erat,
1149 3331 1266 3388 utnon

233 3419 322 3499 prius
341 3428 624 3483 exauctorarentur
643 3419 803 3500 legiones,
824 3439 920 3502 quam
941 3418 1062 3484 beilum
1081 3423 1262 3487 coniectum

236 3527 339 3592 esset;
356 3528 423 3582 tum
446 3520 576 3584 demum
599 3521 774 3586 exercitum
800 3520 899 3586 duces
923 3519 1145 3596 dimittebant,
1167 3543 1266 3607 quum

236 3617 405 3700 imperium
421 3618 626 3701 deponerent.
646 3619 709 3686 Sed
720 3621 898 3704 Augustus,
911 3624 1018 3705 posito
1033 3625 1192 3690 triumviri
1209 3646 1268 3692 no-

238 3719 344 3796 mine,
378 3719 618 3800 imperatoriam
651 3722 861 3788 nibilominus
891 3725 1024 3788 retinuit
1059 3737 1266 3808 potestatem,

273 3929 281 3961 ¹
295 3929 373 3988 Dion.
383 3932 442 3988 Lib.
456 3933 511 3990 Lll.
521 3935 632 4008 passim.
646 3935 686 3991 Ci.
698 3935 810 4000 mnae,
823 3936 864 3992 Ψ
873 3935 1012 4006 memmio,
1026 3953 1088 4012 pag.
1097 3942 1149 3999 bod
1158 3947 1185 4000 ei
1195 3944 1266 4000 suiv.

274 4012 285 4044 ¹
302 4011 446 4070 Herodian.
459 4017 492 4085 ll,
506 4019 534 4074 b.

277 4096 423 4169 “Appiam
449 4099 483 4156 de
504 4101 594 4158 liebus
618 4103 817 4175 Hispaniensib.
840 4107 885 4161 ¹19.

1137 4195 1157 4252 2
