3182 4978
698 466 876 527 ...35-

271 635 281 669 0
305 619 377 673 rent
396 605 594 678 amoverib,
613 613 645 665 et
670 611 823 683 praeterea
848 599 939 682 plebs
956 599 1077 664 urbana
1100 595 1118 664 a
1141 604 1297 685 magistris

268 709 426 774 doetrinae
434 704 577 770 militaris
585 721 699 784 parum
709 711 781 783 apta
792 701 912 764 militiae
920 701 1175 783 praedicaretur².
1194 702 1299 768 Caete-

271 829 343 874 rum
354 809 510 873 delectum
523 805 603 869 adeo
618 803 829 878 obsoleverat,
845 813 892 877 ut,
905 803 1058 869 continua
1070 803 1298 868 detrectatione

269 910 359 992 quasi
380 909 473 984 fessi,
490 907 542 970 uix
562 925 580 969 a
603 915 835 968 sacramentum
863 902 1107 983 aspernantibus
1136 902 1300 986 Principes

269 1027 380 1092 poenas
401 1017 584 1090 repeterent
594 1009 614 1069 ⁸.
634 1005 761 1070 Scilicet
775 1021 792 1066 a
808 1002 1013 1078 voluntariis,
1030 1014 1062 1067 et
1076 1014 1299 1069 veteranorum

269 1110 470 1191 militumque
508 1107 742 1171 limitaneorum
773 1104 868 1180 filiis,
903 1104 1028 1168 numeri
1057 1103 1298 1186 supplebantur.

269 1209 335 1274 Sed
352 1229 450 1292 quum
466 1209 534 1272 brec
554 1208 659 1272 omnia
676 1207 758 1270 inira
770 1205 916 1287 jacerent
939 1205 1017 1286 justi
1046 1207 1203 1270 exercitus
1226 1225 1302 1288 spe·

266 1310 354 1394 ciem
368 1355 379 1384 ,
398 1326 528 1374 necesse
542 1319 610 1372 erat
624 1307 665 1370 ad
679 1306 896 1372 Barbarorum
906 1305 1053 1369 tirocinia
1068 1307 1244 1386 perfugere.
1265 1305 1301 1368 ln

271 1405 325 1470 tali
343 1405 438 1486 igitur
457 1423 564 1469 rerum
581 1404 788 1478 discrimine,
813 1401 1029 1466 Diocletianus
1045 1402 1107 1467 boc
1125 1398 1228 1468 solum
1243 1419 1303 1484 pe·

273 1504 366 1568 riculi
381 1505 593 1570 levamentum
610 1504 750 1578 invenit,
767 1513 947 1566 utumnem
962 1503 1118 1568 rationem
1134 1503 1302 1586 supplendi

272 1605 432 1669 exercitus
455 1614 632 1669 renovaret.
658 1603 725 1666 Etsi
750 1603 834 1665 enirn
861 1617 979 1666 novum
1006 1604 1145 1667 tirocinii
1172 1604 1303 1668 modum

272 1705 486 1770 Constantino
499 1705 642 1768 tribuant
655 1704 800 1785 plerique
815 1703 1006 1785 scriptores,
1020 1714 1160 1768 attamen
1176 1723 1214 1768 ex
1230 1704 1304 1787 quie

272 1805 406 1870 busdam
421 1805 575 1871 Lactantii
593 1803 696 1868 verbis
712 1802 872 1884 conjicere
887 1803 978 1880 licet,
995 1803 1228 1869 Diocletianum
1241 1804 1304 1869 bu-

267 1905 323 1984 jus
337 1905 462 1970 consilii
484 1915 646 1967 auctorem
664 1904 818 1968 exstitisse
829 1903 849 1968 ¹⁴.
874 1903 1032 1969 Caeterum
1049 1923 1151 1971 novus
1166 1905 1305 1986 diligen-

273 2003 389 2068 dorum
404 2005 544 2068 tironum
559 2005 690 2080 modus,
707 2023 725 2067 a
739 2003 939 2068 Diocletiano
955 2007 1065 2088 utique
1079 2006 1269 2080 inchoatus,
1286 2023 1305 2068 a

272 2103 506 2182 Constantino,
524 2106 578 2188 qui
595 2106 703 2170 omnia
722 2105 763 2168 ab
786 2125 825 2170 eo
847 2108 973 2186 incepta
998 2123 1095 2186 opera
1118 2115 1305 2186 persecutus

272 2217 345 2280 est,
367 2207 477 2285 pertici
496 2207 609 2286 potuit
639 2205 748 2282 Quum
772 2215 878 2268 tamen
901 2215 1081 2287 temporum
1102 2203 1218 2288 injuria
1238 2206 1304 2271 lere

273 2306 384 2369 omnia
405 2311 512 2370 rerum
529 2325 547 2369 a
566 2305 765 2370 Diocletiano
787 2317 946 2388 gestarum
971 2317 1178 2373 monumenta
1200 2308 1303 2374 deleta

276 2406 359 2483 sint,
383 2407 480 2471 multa
496 2425 568 2489 quae
586 2408 690 2488 reipsa
705 2408 867 2470 adinvenit
884 2419 917 2470 et
941 2408 1079 2470 instituit
1101 2407 1172 2482 ille,
1195 2419 1231 2470 nt
1253 2409 1305 2472 lc·

272 2507 595 2584 quiturLactantius,
609 2520 762 2566 novarum
777 2521 884 2566 rerum
895 2504 1095 2570 machinator
1109 2512 1132 2576 ⁸,
1149 2505 1191 2568 ad
1203 2503 1305 2572 Cons-

276 2603 434 2666 tantinum
450 2602 547 2666 relata
565 2613 646 2666 sunt

319 2703 484 2770 Delectum
501 2716 606 2777 autem
621 2724 719 2788 quum
736 2706 802 2768 sive
814 2705 1051 2782 Diocletianus,
1068 2709 1134 2770 sive
1147 2706 1305 2772 Constan-

275 2804 361 2868 tinus
377 2807 605 2881 emendarent,
627 2825 666 2868 ex
680 2804 733 2866 illa
753 2803 906 2884 opinione
922 2805 1057 2884 profecti
1074 2799 1168 2876 sunt,
1185 2806 1306 2869 scilicet

276 2901 461 2967 tirocinium
471 2903 544 2964 loco
556 2903 715 2980 vectigalis
730 2901 841 2964 haberi
854 2919 969 2982 posse3
982 2919 1054 2983 quae
1066 2901 1211 2982 quamvis
1221 2919 1305 2966 nova

273 3018 346 3066 csse
368 3011 400 3064 et
415 3001 455 3066 ab
470 3000 602 3084 antiquo
623 2999 819 3081 Reipublicae
838 3018 928 3064 more
949 3001 1123 3067 abhorrere
1146 3003 1302 3081 videatur,

275 3102 419 3168 Romana
433 3102 607 3167 admodum
623 3101 733 3183 opinio
750 3112 809 3166 est.
834 3101 912 3166 Nam
929 3120 1027 3184 quum
1042 3105 1158 3168 uirtute
1174 3115 1205 3168 et
1221 3122 1304 3169 con·

275 3199 349 3263 silio
372 3200 554 3264 innumeras
573 3201 752 3283 provincias
774 3203 1044 3284 comparavissent
1063 3205 1220 3282 Romani,
1236 3222 1303 3268 non

274 3317 422 3382 exaequo
440 3310 472 3365 et
486 3301 573 3366 bono
591 3303 730 3368 devictos
750 3303 953 3380 babuerunt3
972 3303 1028 3368 sed
1045 3305 1077 3368 in
1094 3304 1182 3368 orbis
1197 3305 1303 3394 famu-

276 3400 361 3475 latu,
379 3403 522 3464 omnium
536 3404 729 3486 populorum
744 3403 831 3478 bona
843 3414 876 3466 et
890 3421 1034 3483 operam,
1047 3422 1119 3484 quae
1136 3419 1308 3482 servorum·

275 3517 346 3564 mos
361 3510 409 3564 est
424 3499 564 3566 tribuere
580 3504 735 3580 dominis,
753 3523 810 3569 sua
826 3502 1057 3568 existimabant.
1076 3502 1215 3570 Omnem
1228 3519 1305 3567 vero

311 3758 400 3814 ruod.
416 3759 466 3824 Xl,
483 3757 521 3813 tit.
536 3759 645 3826 XLVll,
656 3758 675 3813 l.
691 3762 733 3815 lt.

313 3842 425 3911 'Veget
440 3844 462 3908 l,
477 3843 502 3896 5.

312 3924 382 3978 3ΑΓ.
396 3923 520 3980 blenaud.
535 3923 595 3994 Dig.
609 3924 708 3992 XLlX,
722 3925 762 3979 tit.
776 3925 836 3990 XV,
852 3926 872 3982 l.
885 3927 912 3980 lt.

312 4008 452 4062 '‘Lactant.
468 4005 501 4062 de
512 4007 617 4063 Mortib.
630 4007 766 4064 Persecut.
781 4009 807 4062 7.

312 4093 323 4121 ¹⁵
338 4090 377 4145 lb.
