3182 4978
659 423 835 485 ...57-

238 566 370 639 seriem,
388 578 544 632 suminam
563 560 778 641 Imperatores
790 579 921 642 operam
938 562 970 624 in
984 562 1131 644 regendis
1149 573 1181 626 ct
1197 573 1270 644 apte

238 661 1271 744 administrandisprovinciiscoiincarerc,quasdissimiiesantea

239 769 323 828 inter
334 782 367 826 se
382 773 413 826 ct
427 762 559 843 perinde
572 780 609 825 ac
625 762 695 826 coeii
710 763 838 843 ingenio
851 781 888 826 ac
900 763 1066 844 regionum
1079 763 1270 839 intervallis,

241 866 284 928 ita
302 863 475 943 disciplinis
492 871 523 926 et
538 862 681 927 moribus
696 863 877 938 distractas,
891 862 997 945 lingua
1013 863 1123 928 eadem
1132 908 1142 941 ‚
1162 865 1273 926 iisdem

242 965 361 1046 legibus
392 974 488 1044 atquc
518 964 670 1027 institutis
699 964 916 1027 informandas
942 982 1103 1029 curavere.
1140 964 1274 1047 AEquius

241 1076 345 1129 autem
355 1062 391 1128 'et
402 1075 524 1127 natnrae
536 1065 807 1129 accommodatius
820 1066 938 1128 iactum
952 1076 1001 1129 est
1014 1065 1193 1133 Romanum
1207 1064 1274 1146 jus,

242 1177 293 1242 et,
309 1165 412 1229 erutis
431 1166 610 1246 priscorum
635 1165 796 1245 Quiritum
823 1165 988 1244 formulis,
1010 1167 1050 1231 ad
1066 1175 1192 1241 natam,
1209 1183 1275 1228 nnn

244 1269 395 1349 scriptam
410 1266 512 1348 legem
527 1268 660 1348 propius
677 1267 820 1330 accessit.
836 1266 969 1333 Barbari
985 1286 1114 1350 quoque
1124 1267 1278 1348 paulatim

243 1369 395 1435 Romanis
412 1367 556 1432 moribus
581 1368 691 1431 sociati
718 1377 809 1443 sunt,
844 1367 1001 1448 «prolata
1029 1369 1109 1432 ultra
1131 1368 1277 1433 Rhenum

246 1500 256 1524 »
278 1469 423 1550 ultraque
438 1479 561 1533 veteres
578 1469 732 1532 terminos
743 1468 868 1550 imperii
884 1469 1061 1546 reuerentia
1081 1484 1103 1544 ¹,
1127 1495 1138 1527 r
1158 1479 1190 1532 et
1204 1463 1295 1530 tan-⁰

247 1569 336 1644 dem,
355 1585 452 1650 quum
467 1587 546 1648 paee
561 1579 593 1631 ct
607 1566 757 1631 omnibus
769 1569 857 1650 pacis
869 1567 990 1633 artibus
1003 1568 1091 1633 orbis
1103 1569 1277 1641 frueretur,

248 1668 427 1731 Christiana
440 1667 518 1731 tides
530 1714 538 1740 ‚
550 1686 640 1750 quae,
651 1668 801 1731 convulsa
812 1668 939 1749 Imperii
951 1686 1103 1751 compage
1114 1715 1125 1746 ‚
1135 1669 1174 1732 ad
1188 1685 1281 1748 coag-

248 1770 450 1833 mentandam
486 1769 577 1833 novis
604 1768 726 1851 legibus
756 1785 869 1832 novam
901 1769 1068 1834 huminum
1097 1771 1281 1834 societatem

248 1880 431 1951 comparata
448 1869 569 1944 iuerat,
588 1869 650 1933 late
664 1881 836 1951 propagata
854 1879 910 1933 est.

293 2093 403 2176 Itaque
424 2094 569 2158 iecerunt
594 2113 701 2176 operae
723 2097 862 2176 pretium
878 2097 1013 2174 Romani
1036 2095 1078 2158 iiii
1102 2097 1283 2180 exercitus,

250 2195 304 2273 qui
319 2205 406 2257 tanta
425 2195 510 2257 bona
525 2195 667 2256 hnmano
682 2195 790 2273 generi
806 2195 960 2274 sanguine
978 2206 1009 2258 et
1025 2196 1196 2260 sudoribus
1219 2197 1285 2260 suis

250 2304 453 2373 pepererunt.

287 2539 372 2590 *Tac
387 2540 478 2592 Germ.
494 2542 538 2593 dd.

378 2807 438 2861 Vidi
453 2821 484 2863 ac
498 2807 617 2878 perlegi,

464 2913 577 2968 Lutetiae
589 2913 771 2982 Parisiorum,
786 2915 813 2967 in
828 2914 965 2980 Sorbona,
980 2915 1045 2986 ipsis

502 3020 569 3077 idib.
584 3022 732 3095 septembr.
748 3023 810 3078 anni
821 3025 1031 3096 MDCCCXLIX,

466 3128 610 3184 Facultatis
622 3129 782 3186 Litterarum
795 3131 822 3184 in
836 3131 981 3190 Academia
999 3135 1142 3193 varisiensi
1152 3137 1285 3204 decanus,

825 3241 849 3298 J.
869 3241 948 3298 Vrcr.
969 3241 1010 3297 LE
1028 3243 1143 3300 CLERC.

362 3355 446 3427 Typis
460 3357 610 3415 mandatur.

380 3461 589 3535 ROUSSELLE,

328 3565 449 3620 Recturis
461 3566 535 3623 vices
550 3586 655 3640 gerens.

522 4077 656 4130 vesontione.
669 4105 695 4120 n·
710 4086 740 4130 Ex
753 4087 816 4146 Typia
827 4089 893 4135 viduae
906 4093 931 4140 C.
946 4093 1001 4140 Deis.
