3182 4978
44 2395 60 2450 l

295 2422 402 2502 Quum
424 2423 509 2490 belin
533 2436 628 2508 atque
650 2427 747 2491 armis
771 2421 909 2506 populus
928 2417 1092 2486 Romanus
1112 2417 1280 2492 crevisset,

251 2531 345 2601 etque
371 2524 451 2584 fines
477 2524 511 2582 iu
539 2525 728 2586 immensum
753 2518 1017 2601 propagavisset,
1048 2517 1091 2580 ita
1122 2526 1157 2580 ut
1179 2525 1282 2580 tutum

252 2633 352 2696 genus
374 2617 548 2682 humanum
576 2619 665 2700 quasi
687 2636 779 2682 suurn
807 2616 965 2692 iecisset¹,
989 2632 1055 2680 non
1077 2614 1145 2696 ipsa
1163 2614 1196 2676 in
1214 2613 1284 2676 vic-

251 2716 504 2799 toria'perpetua
525 2737 605 2801 pace
628 2719 690 2784 irui
713 2729 808 2800 atque
832 2716 952 2800 paratis
969 2715 1085 2798 opibus
1103 2714 1208 2797 potuit
1227 2733 1284 2778 eo-

250 2817 424 2900 quies'cere.
445 2820 572 2884 Etenim
595 2820 846 2886 dominationem
865 2817 1047 2880 universnm·
1064 2825 1151 2880 tante
1166 2833 1282 2897 opera,

251 2929 401 3003 tantaque
427 2920 595 3002 disciplina
623 2932 767 3003 partam,
793 2919 933 2984 retinere
959 2917 1113 3000 tuerique·
1132 2916 1284 2981 adversus

251 3037 351 3083 novos
366 3021 475 3085 hostes
491 3021 621 3098 debuit,
638 3032 671 3086 et
687 3021 738 3084 uix
755 3020 906 3085 subactus
925 3030 993 3083 eret
1009 3032 1099 3083 vetus
1114 3017 1202 3082 orbis
1217 3029 1284 3082 ter-

250 3134 376 3195 rarum,
394 3139 493 3200 quum
508 3131 627 3185 exortae
648 3131 722 3184 suut
748 3139 765 3183 a
786 3118 1003 3200 septentrione
1018 3117 1134 3198 ignotae
1150 3126 1282 3197 gentes,

251 3215 771 3302 eumquibusperquadringentos
782 3216 1045 3284 ennosRomanis
1055 3213 1284 3280 decertandum

250 3312 326 3390 fuit,
339 3315 454 3393 donee,
464 3319 632 3400 perfractis
641 3317 774 3394 viribus,
785 3317 952 3399 imperium
964 3314 1165 3380 obrueretur.
1181 3313 1283 3379 Porro

250 3414 507 3494 operaepretium
523 3432 594 3479 esse
607 3415 731 3478 videtur
751 3413 917 3496 requirere
939 3430 1002 3494 qua
1019 3411 1143 3476 ratione
1162 3408 1284 3490 delige-

251 3519 339 3571 retur
358 3522 389 3574 et
409 3514 610 3595 suppleretur
633 3514 685 3579 ille
705 3515 868 3583 Romanus
889 3511 1064 3587 exereitus,
1090 3509 1145 3593 qui
1168 3519 1282 3575 eontra

250 3619 370 3673 tantam
391 3613 452 3676 vim
473 3614 610 3680 hostium
633 3617 752 3682 tamdiu
776 3617 864 3681 vario
885 3615 985 3682 Marte
1007 3612 1227 3690 dimicaverit,
1251 3621 1283 3698 et

250 3721 391 3778 veterum
404 3724 489 3779 artes
504 3725 536 3780 et
544 3715 599 3797 jus
614 3727 646 3780 et
661 3718 844 3782 societatem
859 3717 1032 3781 humanam
1048 3715 1199 3779 adversus
1209 3712 1298 3777 bar·'

249 3811 369 3879 beriem
384 3815 579 3896 defenderit3
591 3819 677 3901 quod
691 3819 934 3901 praeciarissimo
946 3815 1196 3896 doctissimoque
1212 3814 1282 3880 viro

285 4015 294 4046 ⁸
313 4015 379 4070 Tam
400 4022 427 4073 et
447 4018 498 4074 hoe
510 4025 606 4090 gentes
617 4020 743 4076 humanae
760 4017 896 4090 patiuntur
909 4030 987 4089 aequo
1006 4016 1109 4084 animo,
1130 4028 1211 4086 quam
1224 4015 1282 4072 im-

249 4097 355 4170 perium
375 4098 522 4168 patiuntur.
547 4101 606 4158 Liv.
631 4103 657 4158 iu
675 4117 789 4174 prooem.
