3182 4978
691 487 866 549 -ro-
976 447 987 518 s

266 627 467 714 potatoribus
497 641 617 707 equor,
640 625 761 700 mulos,
791 635 914 700 vestes,
941 636 1084 708 sumptas
1109 637 1141 690 et
1167 645 1293 693 ornnem

266 740 414 796 ornatum
437 725 635 807 accipiebant
651 721 686 802 ⁴,
709 725 765 788 diu
789 725 828 788 ad
855 727 1067 806 capessendos
1094 729 1295 808 magistratus

268 833 303 894 in
328 829 439 896 urbem
462 828 581 908 digredi
598 837 772 908 potuerunt
789 834 810 890 ¹.
830 825 872 890 At
901 828 1054 910 tenporis
1081 847 1253 907 successu,
1275 851 1295 894 a

267 931 375 994 militia
401 939 603 994 recesserunt
623 929 747 1010 patricii
766 927 926 1009 juvenes,
952 939 984 993 et
1008 931 1137 994 tandem
1160 931 1295 998 Gallieni

266 1033 334 1114 lege
347 1042 475 1096 cautum
490 1031 568 1106 luit,
586 1048 628 1096 ne
640 1030 743 1096 aditus
757 1031 886 1112 quidem
902 1042 1078 1096 castrorum
1095 1033 1296 1102 senatoribus

265 1144 389 1216 pateret
403 1135 424 1194 ⁵.
503 1203 505 1208 ¹

310 1235 410 1316 Igitur
420 1231 580 1314 longealia
596 1231 692 1296 liebat
705 1232 842 1296 militum
857 1243 953 1316 atque
964 1234 1082 1298 civium
1096 1235 1177 1311 vita,
1196 1253 1294 1317 quum

267 1346 394 1412 contra,
415 1335 549 1400 florente
570 1333 763 1415 Republica,
776 1335 908 1397 confusa
928 1335 1075 1400 inunum
1098 1347 1182 1398 esset
1202 1347 1296 1400 utro-

266 1451 400 1514 rumque
430 1431 584 1497 conditio.
620 1429 780 1496 Caeterum
810 1449 893 1496 novo
926 1449 1035 1496 rerum
1062 1443 1144 1496 statu
1175 1445 1207 1498 et
1235 1452 1294 1498 usu

265 1535 403 1614 primum
422 1533 608 1597 dissociatos
623 1533 774 1613 deinceps
790 1532 998 1614 sejunxerunt
1023 1533 1101 1615 ipsae
1115 1533 1209 1616 leges.
1231 1535 1296 1600 Ne-

267 1651 354 1698 cesse
377 1633 462 1696 enim
488 1643 557 1698 erat
581 1631 734 1713 compleri
760 1631 900 1712 legiones
924 1643 955 1694 et
973 1633 1065 1696 simul
1091 1633 1157 1714 geri
1187 1636 1297 1698 muni-

266 1733 378 1815 cipalia
412 1751 555 1797 munera.
596 1733 670 1812 Quo
695 1733 812 1796 lactum
838 1743 908 1809 est,
935 1744 971 1796 ut
998 1733 1082 1798 cives
1099 1734 1189 1816 quasi
1213 1735 1297 1799 diri-

266 1835 419 1898 derentur
454 1834 539 1913 inter
570 1834 715 1898 militiam
743 1845 775 1898 et
804 1834 969 1912 civitates,
1006 1853 1079 1898 nam
1110 1837 1297 1916 praelinien-

267 1936 343 1998 dum
381 1935 458 2008 fuit,
485 1935 540 2014 qui
568 1951 689 1997 nomen
713 1934 892 2016 legionibus
918 1937 994 2000 dare
1019 1947 1170 2018 possent,
1190 1938 1244 2019 qui
1263 1939 1295 2000 in

267 2033 448 2114 municipiis
466 2033 507 2096 ad
521 2034 721 2100 subeundum
739 2036 899 2100 bonorum
915 2055 997 2100 onus
1013 2054 1179 2100 remanere
1196 2036 1296 2100 debe·

265 2146 337 2200 rent
351 2131 371 2198 ⁸.
404 2135 445 2198 Et
473 2135 534 2210 sie,
563 2135 715 2216 gliscente
744 2136 897 2214 paulatim
919 2135 1022 2210 malo,
1055 2135 1162 2198 omnia
1191 2144 1295 2198 verte-

266 2236 396 2308 bantur,
423 2247 455 2298 et
477 2235 659 2314 proletarii,
687 2234 741 2315 qui
768 2233 881 2314 priscis
904 2233 1102 2316 temporibus
1124 2235 1164 2298 ad
1185 2253 1295 2300 sacra-

266 2344 408 2398 mentum
423 2333 709 2410 non-vocabantur,
727 2351 836 2416 nune,
854 2334 1115 2416 postlibertatem
1131 2354 1293 2411 eversam.

265 2435 323 2500 soli
341 2435 407 2498 lere
430 2433 628 2510 militabant,
652 2435 764 2498 divites
777 2436 862 2498 enim
881 2437 1065 2499 muniorum
1082 2447 1114 2497 et
1134 2437 1295 2502 honorum

265 2537 404 2598 civilium
417 2553 499 2596 onus
515 2532 721 2597 sustinebant.
745 2534 828 2598 llinc
844 2534 896 2596 illa
909 2535 981 2598 odia
998 2553 1195 2616 paganorum
1212 2537 1296 2600 mili·

265 2629 440 2714 tumque,“,
462 2643 493 2696 et
508 2633 615 2714 caligae
629 2633 793 2715 privilegia
821 2645 852 2698 et
866 2633 935 2698 baec
961 2635 1069 2699 omnia
1094 2656 1169 2719 quae
1191 2637 1296 2702 inilia

265 2735 304 2798 de
326 2735 460 2798 militum
474 2736 693 2818 praerogativis
717 2736 833 2812 satira,
850 2735 997 2800 iuvenali
1012 2746 1132 2802 temere
1152 2739 1293 2817 tributa,

265 2836 486 2900 collaudantur
498 2857 518 2900 ο.

307 2935 353 2998 Ex
363 2934 425 2998 hoc
438 2935 533 3014 igitur
546 2928 634 3016 quod
645 2936 804 3017 Augustus
815 2947 986 3019 perpetuas
998 2937 1139 3018 legiones
1151 2939 1293 3015 fecisset,

264 3035 344 3099 adeo
360 3045 509 3098 novatum
526 3034 586 3098 fuit
602 3035 634 3097 in
650 3053 685 3100 re
702 3037 843 3100 militari.

307 3131 545 3196 Tumultuarios
567 3131 662 3196 etiam
684 3133 846 3210 delectus,
865 3151 960 3215 quem
983 3139 1212 3212 evocationem,
1230 3137 1295 3200 sive

266 3231 535 3314 conjurationem,
553 3233 761 3298 nominabant
785 3234 881 3316 prisci
905 3235 1082 3312 Romani⁷‚
1106 3237 1295 3319 periclitan-

300 3468 308 3499 ⁴
324 3467 411 3536 Spart.
426 3467 453 3520 in
465 3465 594 3531 Hadrian.
608 3481 671 3538 pag.
684 3467 712 3534 8,
725 3467 757 3521 D.

298 3547 384 3600 ’Tac
399 3547 487 3616 Agric.
500 3549 526 3601 6.

297 3632 308 3663 ⁵
326 3629 429 3686 Laetum
441 3627 569 3682 militibus
581 3629 653 3685 idem
665 3647 777 3699 nomen,
792 3637 873 3704 atqua
882 3635 986 3706 ipsum,
999 3649 1153 3706 quanquam
1164 3636 1294 3692 senatorii

227 3715 229 3720 '
262 3711 379 3778 ordinis,
394 3709 429 3765 ad
442 3715 556 3780 utraque
568 3711 659 3766 munia
672 3713 804 3771 sulficere.
817 3716 881 3770 Tac.
896 3716 963 3772 llist.
976 3716 1021 3778 lv.
1035 3719 1079 3771 68.

298 3793 427 3864 '‘Ulpian.
448 3793 550 3862 Digest.
569 3793 600 3858 L,
615 3793 654 3848 tit.
675 3795 719 3862 IV,
739 3795 756 3849 l.
776 3798 881 3867 3,§l;
900 3799 919 3852 1.
934 3797 1034 3868 mgb.
1047 3797 1112 3852 Cod.
1131 3798 1178 3853 lib.
1193 3799 1230 3867 X,
1251 3801 1314 3869 tit„

263 3873 458 3942 xxxt‚1.tr.

298 3957 382 4011 “Tac
395 3957 464 4011 Hist.
476 3956 509 4023 ll,
523 3957 566 4012 88.

299 4038 572 4095 “JuvenSatXVl
627 4053 629 4056 ·

301 4118 376 4178 trit.
392 4117 449 4172 Liv.
464 4118 552 4184 XXll,
566 4121 609 4176 58.
626 4122 694 4194 Caes.
707 4124 824 4180 debello
838 4125 1009 4198 Gallicnllll,
1022 4129 1046 4185 l.
1058 4127 1114 4183 Cic.
1127 4128 1161 4184 td
1173 4129 1290 4184 Heroon.
