3182 4978
760 407 938 470 ..10-

324 541 424 608 buere
451 543 590 624 primunr
619 542 722 608 Latini
749 543 902 627 Italique,
928 555 960 610 et
983 546 1097 612 exinde
1121 551 1355 632 provinciales,

324 653 516 725 postquam,
533 643 690 708 exstincto
706 642 791 708 bello
807 644 940 722 sociali,
964 664 1047 728 pene
1063 649 1163 714 totins
1179 652 1277 718 ltaliae
1294 671 1357 740 po-

324 743 392 826 puli
409 744 569 812 civitatem
584 745 690 827 adepti
707 755 791 812 sunt.

367 857 580 924 provinciales
597 869 721 935 autern,
753 868 790 923 ut
814 877 884 924 mos
909 861 996 943 apud
1015 861 1178 930 Romanos
1204 877 1293 944 erat,
1323 869 1356 932 in

322 970 428 1040 partes
444 960 509 1025 duo
531 959 776 1026 dividebantur:
803 979 919 1044 nempe
945 963 1115 1029 loederatos
1130 975 1162 1030 et
1178 967 1349 1034 dedititios.

321 1061 479 1126 Foederati
496 1079 572 1126 vero
589 1073 624 1142 et
637 1063 734 1137 socii,
751 1073 786 1126 ut
805 1072 883 1145 pote
904 1065 959 1145 qui
980 1064 1127 1130 libertate
1142 1069 1279 1150 quadam
1295 1069 1357 1135 be·

322 1163 437 1228 delicio
460 1163 570 1245 populi
594 1164 730 1230 Romani
745 1164 930 1229 fruerentur
944 1180 973 1242 ⁴,
990 1166 1130 1246 milites,
1148 1186 1229 1251 quos
1258 1189 1358 1253 praes-

263 1294 265 1302 ι
323 1261 449 1340 tabant,
478 1263 537 1345 ipsi
566 1263 765 1347 deligebant,
793 1275 826 1328 et
845 1283 958 1330 eorum
983 1267 1081 1332 duces
1096 1269 1355 1348 constituebant,

320 1361 439 1445 quibus
457 1381 584 1429 omnem
601 1366 642 1429 ad
656 1364 801 1432 militiam
816 1375 978 1448 sumptum
994 1369 1134 1447 dabant,
1159 1373 1262 1452 etqui
1281 1373 1357 1436 civi-

321 1463 382 1528 bus
399 1465 463 1528 sois
477 1466 634 1530 rationem
650 1466 774 1531 deferre
791 1467 936 1533 solebant
947 1477 967 1532 ¹.

365 1567 507 1632 Dedititii
524 1577 630 1632 autem
649 1568 741 1634 aliter
757 1569 980 1636 habebantur:
997 1571 1044 1636 eis
1055 1572 1146 1639 enim¹
1160 1573 1276 1639 milites
1294 1574 1357 1637 im-

321 1667 527 1750 perabantur,
551 1669 667 1751 quibus
687 1670 803 1733 virtute
827 1671 985 1735 civitatem
1019 1672 1151 1753 adipisci
1189 1673 1305 1738 licebat
1319 1681 1354 1751 ⁸,

321 1769 377 1832 sed
393 1780 520 1833 cautum
536 1781 624 1846 erat,
641 1787 682 1833 ne
700 1771 733 1832 in
755 1771 919 1851 provincia
934 1770 1127 1850 militarent,
1145 1786 1177 1838 et
1192 1775 1355 1859 praecipue

321 1869 362 1932 ad
375 1868 457 1933 bella
469 1889 542 1952 quae
556 1869 657 1933 inalia
672 1869 899 1951 regioneorhis
909 1880 1066 1936 terrarum
1075 1875 1352 1960 gerebatpopulus

320 1967 483 2035 Romanus
512 1970 801 2036 conscribebantur
816 1987 837 2034 v.
872 1969 908 2035 ld
926 1972 1012 2036 enim
1034 1977 1195 2041 commodi
1218 1995 1355 2042 consue-

320 2072 399 2136 tudo
414 2071 466 2136 illa
479 2073 684 2149 conterebat,
703 2075 791 2155 quod
813 2088 939 2155 semper
953 2064 1105 2140 Romanis
1126 2077 1282 2158 parebant
1297 2080 1356 2143 de-

320 2172 432 2250 dititii,
445 2173 541 2238 veluti
557 2173 676 2239 viribus
695 2171 859 2250 exhausti,
874 2185 906 2238 et
921 2177 1051 2240 tortium
1072 2177 1213 2243 virorum
1234 2179 1353 2244 anxilio

323 2280 468 2348 senatus,
492 2275 561 2338 sine
579 2275 705 2356 imperii
723 2275 887 2356 periculo,
905 2275 1055 2344 utebatur
1070 2295 1093 2344 ὅ.

364 2371 521 2439 Praeterea
541 2393 639 2458 quum
661 2393 742 2458 opos
758 2387 861 2453 esset,
880 2393 990 2460 regum
1010 2390 1041 2442 et
1062 2379 1257 2460 populorum
1276 2378 1351 2440 viei-

321 2491 457 2553 norum,
474 2474 569 2540 veluti
582 2478 692 2560 populi
708 2478 845 2544 Romani
860 2480 1037 2546 amicornm
1047 2523 1058 2556 ,
1076 2477 1177 2559 copiae
1195 2479 1229 2540 ln
1248 2475 1349 2541 subsi-

284 2649 285 2652 Ἴ
320 2575 408 2638 diunt
419 2575 622 2641 veniebant:
651 2597 725 2642 nam
745 2579 836 2642 multi
855 2590 929 2641 ante
947 2580 1126 2658 Angustum
1146 2579 1354 2660 imperatores

320 2675 511 2758 alienigenas
527 2679 559 2741 iu
571 2678 792 2744 commilitium
804 2677 1008 2751 acciverunt,
1025 2693 1124 2758 quum
1136 2679 1262 2740 caeteris
1275 2693 1356 2756 geo-

320 2775 405 2842 tlbus
430 2787 466 2844 ut
487 2779 552 2845 suis
580 2788 763 2856 uterentur,
792 2787 824 2843 et
853 2793 886 2842 se
912 2771 1067 2840 nollent«
1087 2786 1217 2844 externa
1238 2776 1355 2840 virtute

320 2879 438 2961 privari
454 2890 505 2946 ’.ι

363 2981 434 3046 Hoc
442 2982 563 3046 scilicet
572 2982 670 3046 modo
685 2981 771 3064 apud
781 2981 944 3049 Romanos
956 2979 1075 3046 bellurn
1087 2977 1351 3060 comparabatur:

323 3078 420 3144 sociis
449 3079 650 3145 indicebatur
672 3079 810 3144 rnilitum
839 3097 995 3145 numerus
1011 3077 1035 3157 ⁸,
1063 3078 1276 3160 stipendiariis
1292 3077 1355 3139 irn-

320 3180 548 3262 perabaturv,
578 3199 673 3264 opem
709 3177 946 3262 pollicebantur
969 3175 1075 3246 'amici
1114 3195 1230 3262 reges:
1276 3178 1355 3242 civis

321 3293 428 3348 antem
453 3283 608 3366 quisque,
626 3291 744 3364 praeter
758 3279 909 3358 aerarios,
927 3280 1048 3346 militiae
1079 3281 1147 3362 lege
1162 3277 1352 3355 tenebatur,

321 3383 410 3449 nullo
426 3383 527 3448 aemtis
552 3394 607 3448 aut
628 3379 816 3448 valetudinis
837 3380 1009 3460 distinctu,
1039 3399 1138 3464 quum
1159 3379 1311 3462 juniores
1323 3392 1356 3446 et

321 3485 415 3549 validi
431 3485 642 3568 plerumque,
659 3485 804 3550 seniores
819 3495 852 3551 ct
870 3484 1007 3550 causarii
1030 3482 1204 3566 aliquando
1217 3482 1254 3549 iu
1266 3499 1355 3548 arma
1448 3538 1453 3550 .

358 3686 368 3722 ¹
387 3684 523 3742 Libertate
533 3697 615 3756 quam
627 3697 677 3742 vos
688 3683 774 3755 [sociis
786 3681 909 3742 dedistis.
932 3684 988 3742 cie.
1002 3685 1031 3742 in
1042 3683 1169 3742 Verrem.
1178 3682 1243 3738 det.
1258 3681 1292 3748 ll,
1305 3678 1353 3736 lib.

321 3769 414 3848 V,ts.
439 3769 499 3826 Liv.
513 3769 601 3838 xxti,
621 3769 667 3826 tl.

357 3853 369 3885 ¹
387 3851 442 3906 Cic.
456 3851 496 3906 lb.
516 3854 560 3908 bit.
722 3850 800 3908 ⁶ilio.
811 3862 863 3924 pro
874 3850 967 3919 Balbo,
978 3852 1022 3907 lit.
1035 3845 1219 3906 (itesdeliell.
1229 3846 1282 3903 civ.
1293 3845 1353 3913 l,d.

358 3936 370 3968 ⁸
388 3933 445 3989 Cic.
457 3947 508 4004 pro
519 3931 611 4004 Balbo,
631 3935 673 3992 18.
721 3933 732 3969 ⁷
750 3935 807 3991 Cic.
821 3949 871 4006 pro
880 3931 973 4000 balbo,
988 3935 1031 3990 lo.

360 4015 444 4072 'Cic
465 4031 515 4089 pro
526 4017 647 4086 Fontem,
663 4021 690 4074 l.
729 4019 740 4050 ⁸
759 4016 812 4071 Tit.
833 4015 892 4070 Liv.
912 4019 1023 4080 passim.

360 4100 370 4133 ⁵
388 4097 427 4154 ld.
725 4097 809 4152 ⁹Cic.
831 4114 880 4168 pro
902 4096 1021 4165 Fontei0,
1043 4100 1069 4154 i.
