3182 4978
779 449 956 511 ..12-

347 611 458 676 magna
467 637 478 670 ,
496 591 578 673 agris
595 591 735 657 mulctati
757 594 886 675 patriis,
905 595 937 656 in
955 593 1065 658 urbem
1083 595 1314 669 conduxerint,
1342 609 1375 659 et

345 694 405 758 sub
427 705 579 775 usurpato
607 694 724 757 civium
741 694 872 758 nomine
897 692 1051 772 latentes,
1081 693 1223 758 desidem
1249 693 1373 775 plebem

347 795 510 872 auxerint,
523 813 622 877 quum
634 795 740 860 caeteri
754 795 890 860 delectui
900 807 932 860 et
947 795 1097 861 omnibus
1111 795 1264 863 Romanae
1278 796 1378 860 socie-

346 895 420 959 tatis
431 896 548 960 muniis
563 896 710 961 sulficere
728 907 926 979 cogerentur.
948 898 1031 963 Hinc
1050 897 1265 962 intolerabiles
1281 915 1379 960 exae-

346 996 451 1060 tiones
465 1007 498 1061 et
514 1014 741 1079 oppressorum
754 997 910 1080 querelae,
939 1009 972 1062 et
989 999 1063 1062 dein
1079 997 1204 1064 Sociale
1225 995 1373 1062 bellum¹.

348 1095 422 1174 Quo
437 1108 571 1173 exacto,
588 1097 746 1162 civitatem
762 1109 795 1162 et
811 1117 928 1164 nomen
944 1099 1163 1168 Romanorum
1179 1098 1285 1180 adepti
1304 1109 1379 1160 sunt

348 1195 452 1273 socii,
475 1213 540 1260 non
567 1208 673 1263 tamen
702 1199 865 1280 ademptas
887 1210 989 1264 terras
1013 1217 1204 1281 recuperare
1224 1198 1377 1265 Italorum

349 1296 492 1378 plerique
508 1309 691 1380 potnerunt.

392 1398 467 1462 llaec
477 1399 572 1480 igitur
582 1400 770 1476 multitudo,
784 1419 879 1482 quam
892 1400 932 1464 ab
944 1401 1028 1481 agris
1039 1409 1208 1481 exegerant
1220 1401 1293 1464 novi
1304 1417 1380 1481 pos-

349 1517 508 1576 sessores,
526 1518 625 1565 novas
641 1501 731 1565 sedes
747 1513 779 1564 et
794 1501 911 1565 victum
926 1500 1091 1582 quaesivit;
1104 1500 1156 1562 alii
1173 1517 1231 1581 per
1245 1500 1381 1580 provin-

350 1600 415 1663 cias
445 1600 656 1680 negotiandi,
689 1611 744 1663 aut
780 1601 963 1665 coactiones
990 1599 1185 1679 argentarias
1216 1599 1379 1663 factitandi

350 1720 466 1779 causa,
489 1703 719 1778 constiterunt,
737 1702 789 1765 alii
814 1701 1119 1782 transmigraverunt
1140 1700 1172 1761 in
1192 1700 1277 1763 illam
1294 1701 1380 1764 otio-

351 1822 417 1867 sam
428 1804 634 1885 venalemque
643 1803 731 1868 urbis
739 1802 956 1884 plebeculam,
969 1802 1011 1866 de
1023 1819 1087 1883 qua
1096 1799 1284 1882 joculariter
1293 1810 1381 1882 post-

352 1923 388 1968 ea
404 1904 603 1969 dictumest:
622 1904 766 1986 «Populo
782 1905 928 1970 Romano
943 1913 1051 1967 saturo
1066 1900 1309 1983 necquicquam
1323 1919 1381 1983 po-

260 1993 262 1999 ’
352 2016 413 2070 test
433 2023 501 2069 esse
519 2005 695 2086 jucundius
705 2007 725 2070 ¹.
743 2035 754 2065 ι
792 2005 855 2071 Sed
876 2023 975 2088 quurn
996 2004 1064 2090 lege
1086 2013 1215 2068 cautum
1235 2013 1318 2066 esset
1340 2020 1381 2066 ne

352 2105 465 2170 darent
479 2107 610 2170 nomina
628 2107 682 2189 qui
704 2106 782 2170 nihil
802 2105 926 2187 proprii
947 2103 1121 2179 babentes,
1146 2105 1228 2167 inter
1243 2101 1370 2164 aerarios

353 2216 386 2270 et
411 2206 514 2288 capite
532 2224 645 2271 censos
663 2216 965 2283 annumerarentur,
979 2204 1084 2287 plebei
1105 2204 1150 2267 illi
1168 2202 1240 2268 novi
1259 2197 1378 2264 nullam

354 2323 485 2387 operam
506 2307 552 2371 rei
577 2307 705 2370 militari
728 2307 867 2384 dabant,
890 2315 922 2370 et
947 2305 1024 2369 dum
1043 2315 1203 2370 cresceret
1220 2299 1384 2380 Quiritum

355 2405 543 2483 multitudo,
569 2425 635 2472 non
652 2408 724 2472 ideo
739 2408 881 2473 delectus
896 2402 1167 2486 frequentabatur.

398 2505 441 2570 At
457 2527 531 2573 vero
544 2520 684 2574 extento
700 2510 844 2574 desidum
860 2523 995 2572 numero
1006 2515 1038 2568 et
1052 2501 1187 2585 penuria
1202 2499 1385 2574 bonorum,

356 2609 536 2672 necessario
553 2611 658 2672 evenit
674 2620 709 2672 ut
726 2609 868 2672 delectus
889 2609 1122 2678 immutaretur,
1139 2611 1172 2665 et
1190 2599 1305 2663 milites
1320 2617 1386 2664 non

356 2717 480 2772 tanturn
500 2727 538 2771 ex
556 2707 725 2785 classibus,
749 2725 839 2772 more
858 2705 1034 2788 majorum,
1053 2703 1130 2778 sed,
1149 2701 1221 2766 «uti
1233 2699 1390 2782 cujusque

357 2808 466 2873 lubido
478 2820 561 2874 esset
576 2836 605 2886 a,
619 2797 844 2876 scriberentur.
862 2808 898 2872 ld
911 2817 1017 2870 autern
1039 2804 1179 2886 primum
1194 2821 1212 2866 a
1230 2799 1265 2866 C.
1286 2798 1385 2867 llario

357 2911 497 2987 facturn,
520 2911 572 2975 alii
590 2930 648 2992 per
662 2912 868 2990 ambitionem
886 2916 1086 2980 memorant,
1103 2903 1156 2966 alii
1172 2919 1231 2984 per
1246 2898 1389 2965 necessi-

358 3021 454 3074 tatem
476 3006 510 3086 ³,
527 3009 637 3092 'quum
660 3011 757 3094 «jam
782 3029 847 3076 non
871 3008 956 3092 plebi
979 3005 1096 3071 volenti
1121 3003 1231 3066 militia
1259 3010 1388 3079 putare·

358 3122 411 3175 tur
421 3105 441 3173 ⁸.
465 3137 478 3170 o
501 3111 598 3189 Quod
622 3111 662 3176 ab
686 3113 747 3176 illis
767 3114 822 3194 qui
840 3121 914 3193 post
936 3107 1071 3174 Marium
1086 3100 1314 3185 rempublicam
1330 3115 1391 3178 gc-

360 3211 492 3276 rendam
506 3212 668 3288 adierunt,
686 3224 873 3295 usurpatum
889 3221 954 3287 est,
970 3221 1003 3274 et
1018 3207 1174 3273 exercitus
1198 3201 1310 3266 faciem
1326 3198 1393 3260 im-

360 3314 501 3378 mutavit.
522 3313 601 3378 Nam
617 3313 663 3377 illi
684 3314 848 3395 proletarii
863 3313 949 3376 cites
964 3309 1081 3393 quibus
1100 3305 1187 3373 nulla
1203 3300 1289 3368 domi
1304 3299 1395 3364 bona-

396 3531 405 3562 ¹
419 3528 536 3598 Appian.
548 3530 582 3586 de
594 3529 657 3586 Bell.
672 3529 751 3586 Civil.
766 3530 789 3598 1,
805 3529 833 3596 t,
847 3528 874 3584 8.

397 3610 408 3642 ¹
419 3609 528 3680 Vopiso.
539 3611 677 3668 Aurelian.

398 3691 529 3748 ⁵Sallust.
543 3692 668 3765 lugurth.
683 3695 728 3750 86.
742 3695 803 3767 lpse
816 3695 919 3750 interea
932 3689 1029 3748 milites
1040 3687 1175 3753 scribare,
1187 3698 1241 3738 non
1252 3695 1328 3736 more
1338 3692 1397 3733 rna-

359 3775 459 3846 jorum,
470 3792 558 3848 neque
568 3793 601 3833 ex
613 3777 754 3847 classibus,
766 3777 814 3834 sed
827 3777 866 3834 uti
878 3775 1009 3848 cuiusque
1019 3769 1111 3828 lubido
1120 3772 1192 3833 erat,
1203 3763 1291 3835 capite
1301 3775 1396 3816 censos

363 3858 516 3932 plerosque.

399 3941 598 4016 'Quianeque
615 3935 688 4019 plebi
702 3945 797 4003 militia
810 3944 910 4003 volenti
921 3941 1076 4015 putabatur.
1091 3933 1199 3992 Sallust.
1213 3927 1338 4022 iugurth.
1351 3925 1395 3980 aa.

366 4031 460 4088 Florus
472 4031 518 4100 111,
532 4045 557 4085 c.
568 4030 592 4084 l.
608 4030 669 4086 dul.
685 4029 753 4089 Gell.
773 4029 846 4097 XVl,
865 4030 908 4084 lt).
923 4024 962 4082 cf.
978 4026 1090 4088 debean,
1108 4023 1147 4077 Ιοἳ
1163 4015 1292 4075 liemoue
1308 4025 1354 4067 sur
1374 4007 1399 4062 la

366 4114 470 4186 legion,
486 4130 547 4186 pag.
561 4114 622 4171 tot.
