3182 4978
620 471 796 530 ..29-

192 643 203 676 t
222 615 418 682 Alamannus
428 619 462 673 et
471 618 603 690 uterque
611 607 742 671 hlaurm
759 617 959 672 cucurtatum.
982 607 1219 691 »Projiciamus

193 727 298 782 autem
314 711 486 794 ampullas,
500 711 561 774 hoc
578 725 691 773 omnes
702 725 855 774 numeros
867 709 1008 774 verbalis
1023 709 1134 787 habet,
1150 707 1224 775 Sar·

194 827 311 891 mama,
327 815 482 889 Batauos,
506 812 666 888 Saxones,
685 811 799 876 Scotos
814 826 823 886 ,
839 811 1034 877 Alamannos
1050 823 1082 876 et
1095 813 1223 878 hlauros

195 917 362 982 mendam
388 916 473 979 duce
488 915 630 978 deuotus
660 913 765 977 luisse.
784 913 848 978 Per
873 922 922 977 tot
952 913 1048 994 igitur
1075 925 1226 978 cruentos

195 1017 323 1081 labores
339 1016 608 1080 exhauriebantur
628 1015 788 1096 legiones,
814 1026 847 1079 et
869 1015 933 1080 sive
956 1015 1139 1091 vincerent,
1162 1017 1227 1079 sive

134 1115 138 1124 ⁴
196 1118 415 1194 vinceremur,
430 1117 531 1182 robur
545 1135 654 1182 earum
666 1117 836 1182 infractum
854 1128 940 1194 erat,
965 1129 996 1182 et
1009 1118 1042 1180 in
1061 1135 1139 1199 pace
1161 1133 1227 1180 non

196 1220 259 1282 nisi
274 1219 388 1282 inanes
409 1235 518 1282 earum
535 1219 709 1283 matriculae
723 1219 942 1284 remanebant.
970 1218 1060 1284 Adde
1086 1219 1228 1285 hostium

198 1320 366 1394 incursus,
383 1329 581 1403 vastatasque
597 1339 697 1403 usque
715 1319 753 1384 ad
767 1319 1021 1385 internecionem
1032 1319 1225 1401 provincias:

200 1417 291 1482 Adde
302 1418 487 1482 servitutem
503 1429 536 1481 et
552 1418 685 1482 alteram
702 1428 825 1500 partem
841 1417 972 1482 humani
992 1417 1117 1498 generis
1136 1415 1228 1480 alteri

201 1518 424 1594 famulantem,
440 1519 527 1582 omni
539 1517 612 1599 J'ure
625 1518 811 1596 commercii
829 1527 861 1580 et
883 1515 1035 1581 connubii
1052 1517 1227 1598 privatam,

201 1629 234 1682 et
248 1637 266 1681 a
281 1618 391 1682 militia
401 1619 572 1681 detrusam.
593 1619 651 1681 llis
667 1629 772 1680 autent
787 1617 879 1678 malis
894 1617 1086 1693 accedebat,
1102 1629 1138 1680 ut
1152 1635 1233 1698 prae·

201 1718 363 1796 diximus,
383 1719 485 1781 civilis
511 1737 548 1781 ac
574 1717 719 1781 militaris
743 1713 1009 1780 ritaediscrimen.
1037 1715 1123 1780 Civis
1146 1717 1231 1782 enim

202 1821 361 1885 obnoxius
376 1821 564 1884 mtrneribus
592 1817 838 1902 municipalibus
854 1837 971 1884 nornen
994 1820 1115 1884 militiae
1131 1823 1232 1903 profi-

201 1929 260 1993 teri
290 1945 356 1991 non
383 1939 527 2008 poterat,
553 1939 618 1992 ete
639 1929 800 1992 contrario
817 1928 868 1990 his
891 1927 944 2010 qui
967 1929 1078 1992 castris
1102 1947 1231 2014 operam

201 2025 336 2094 dabant.
365 2026 487 2090 nullutn
508 2024 629 2106 injungi
646 2035 771 2106 poterat
798 2025 989 2106 municipale
1006 2043 1130 2088 muntts.
1153 2026 1234 2104 Quae

204 2145 269 2190 non
284 2127 390 2191 solum
407 2127 652 2190 Theudosianas
674 2125 793 2198 codex,
815 2125 873 2188 sed
890 2125 984 2186 etiam
1001 2125 1176 2207 Ulpianus,
1203 2135 1235 2188 et

206 2226 509 2302 hrriuslllenander,
522 2227 617 2289 medii
628 2223 756 2305 Imperii
766 2223 1006 2306 jurisconsulti,
1019 2221 1230 2290 consumant.

250 2323 406 2386 Praeterea
432 2321 624 2398 Christiani,
643 2338 780 2403 quorum
809 2339 962 2384 numerus
987 2323 1087 2402 magis
1112 2321 1144 2384 in
1168 2321 1236 2386 dies

207 2423 470 2505 amplificabatur,
485 2425 542 2488 diu
557 2423 700 2487 militiam
717 2423 945 2486 detrectavisse
959 2421 1119 2497 videntur,
1140 2424 1235 2486 sivea

207 2525 361 2601 sangiune
382 2525 617 2598 abhorrebant,
638 2541 692 2586 seu
711 2531 881 2602 corruptos
900 2521 1036 2586 mhitum
1056 2541 1161 2588 mores
1182 2523 1236 2588 de·

209 2619 417 2696 testabantur,
435 2622 501 2685 sive
521 2623 627 2704 potins
647 2623 801 2687 timebant
821 2640 862 2686 ne
883 2639 971 2686 sacra
995 2623 1088 2687 alieni
1113 2623 1235 2700 cultus,

210 2721 235 2783 si
257 2721 419 2786 incastris
442 2735 656 2801 versarentur,
684 2742 810 2806 semper
830 2725 862 2786 in
886 2724 986 2788 oculis
1009 2723 1179 2801 haberent,
1205 2736 1237 2789 et

207 2823 391 2903 quotidiana
403 2826 575 2888 invisarum
588 2825 776 2906 religionum
790 2825 1040 2888 contrectatione
1053 2827 1141 2906 quasi
1156 2843 1238 2889 con-

208 2922 465 2986 taminarenturt

253 3024 362 3108 ltaque
374 3023 494 3106 ignaria
508 3023 642 3100 civium,
656 3025 891 3104 provinciarum
907 3025 1134 3106 populatione,
1147 3025 1237 3090 bellis

209 3129 390 3205 continuis,
403 3129 575 3204 servitute,
590 3126 835 3208 municipalibus
849 3125 989 3206 legibus,
1004 3129 1238 3210 christianaque

208 3229 271 3292 lide
292 3229 449 3293 exercitus
464 3229 716 3294 exlmuriebatut.
738 3225 947 3309 cujusquam
967 3226 1085 3294 suerint
1107 3231 1139 3292 in
1159 3248 1237 3312 pace

208 3337 323 3399 attritae
340 3335 422 3400 vires
441 3345 620 3399 monstrant
642 3333 709 3397 haec
723 3334 828 3398 Taciti
847 3333 963 3410 verba;
991 3337 1128 3399 «inania
1146 3337 1238 3416 lepin-

209 3455 287 3499 uutu
304 3439 432 3501 nomina
449 3433 481 3494 ι’
496 3447 527 3500 et
542 3437 662 3517 Vegetii
680 3435 873 3516 descripti03
890 3435 933 3497 ait
949 3433 1057 3496 enim:
1079 3461 1091 3491 a
1114 3431 1238 3496 Contu-

244 3646 349 3716 ⁴Drop.
365 3647 422 3700 Lat.
438 3647 570 3718 Panegyr.
587 3649 620 3701 V.

244 3729 369 3800 ’Digest
385 3727 431 3785 lib.
446 3729 545 3796 XLlX,
560 3729 600 3784 tit.
614 3731 676 3783 XV!
690 3730 724 3783 do
734 3731 771 3786 lto
784 3732 900 3786 militari.

245 3811 296 3866 ³Si
313 3811 373 3867 talis
391 3818 432 3868 est
450 3811 567 3868 conditio
584 3810 768 3878 militantium,
782 3819 811 3866 nt
825 3811 877 3868 diis
893 3819 919 3867 et
936 3807 1144 3881 imperatoribus
1163 3824 1238 3866 sacra

209 3891 299 3946 lacere
307 3889 515 3963 compellantur3
527 3906 591 3948 ecca
602 3889 714 3963 projicio
725 3890 805 3946 vitem
817 3895 844 3946 et
853 3889 1004 3962 cingulum,
1018 3890 1146 3946 renuncio
1155 3889 1239 3964 signis

210 3979 239 4027 et
253 3972 368 4030 militare
386 3989 492 4030 recuso.
517 3973 577 4030 Act.
601 3975 712 4045 hlartyr.
733 3973 803 4028 Siue.
826 3990 853 4045 p.
874 3975 936 4032 552.
957 3972 997 4030 Cl.
1014 3973 1114 4030 Concil.
1134 3973 1236 4032 Nicmn.

209 4065 277 4119 cau.
294 4055 336 4108 ta.
351 4057 469 4120 debeata,
482 4057 533 4110 Xl⁰
546 4057 683 4114 mdtuoire.

244 4137 254 4168 ¹¹
270 4133 333 4190 Tac.
349 4133 417 4190 llist.
433 4133 478 4200 tv,
496 4136 535 4188 tt.
