3182 4978
629 449 807 514 -ll'-

206 603 379 670 cierentur,
411 611 469 658 uec
498 588 651 654 vicarium
682 588 715 652 in
745 587 794 652 sui
827 586 934 666 locum
956 583 1092 650 subdere
1112 583 1233 650 liceret

256 701 327 766 Hoc
349 704 453 759 autem
476 691 656 756 institutum
679 685 833 770 gentibus
856 685 1007 752 convenit
1035 703 1107 766 quae
1135 695 1236 750 urteru

202 800 349 866 bellicum
362 791 510 862 omuibus
522 799 744 871 anteponunt,
757 798 789 853 et
803 795 917 854 caetera
934 803 1035 867 quum
1047 803 1108 867 pro
1124 801 1237 867 super·

205 896 351 964 vacaneis
381 893 520 968 habeut,
560 901 627 958 tum
652 906 785 972 prorsus
809 887 994 969 negligunt,
1025 894 1137 966 utpote
1166 902 1240 966 quae

205 999 301 1064 armis
317 996 408 1062 facile
424 1001 660 1074 comparentur.
678 989 815 1060 Romani
836 988 945 1070 enim,
974 985 1127 1069 neglectis
1156 987 1239 1050 doc·-

204 1101 297 1164 triuis
314 1094 483 1170 omnibus,
500 1094 586 1162 bollo
604 1092 660 1156 din
683 1092 783 1158 solam
797 1089 948 1166 coluere,
968 1098 1001 1154 et
1023 1087 1057 1152 in
1073 1105 1239 1152 armornm

204 1197 432 1266 exercitatione
449 1205 480 1260 et
495 1211 643 1275 agrorum
662 1192 787 1258 cultura
805 1202 910 1256 totum¹
919 1189 1036 1255 dedere
1058 1189 1200 1254 animum
1212 1190 1234 1252 ¹.

205 1299 269 1364 Sed
289 1307 516 1380 posteaquam,
533 1293 690 1358 debellato
716 1292 871 1366 Oriente,
897 1290 1015 1358 diuitiae
1034 1300 1067 1354 et
1092 1289 1186 1354 luxus
1206 1299 1239 1353 et

205 1410 289 1464 artes
303 1397 436 1464 Graeciae
456 1396 488 1460 iu
515 1394 631 1462 urbem·
652 1402 885 1475 pervaserunt,
903 1403 980 1458 tuuc
1005 1389 1178 1456 derelictus
1191 1398 1240 1454 est

207 1517 336 1580 campus
362 1511 395 1564 et
415 1498 580 1564 rhetorum
595 1494 925 1577 philosophorumque
953 1491 1072 1558 mirobeo
1096 1491 1239 1572 potiores
1340 1522 1342 1532 ·

207 1598 339 1673 habire,
358 1609 435 1662 tunc
451 1605 630 1662 mercatura
645 1605 677 1658 et
692 1595 842 1674 opificum
865 1604 948 1659 artes
967 1593 1051 1658 cives
1066 1590 1238 1658 submoue-

205 1709 282 1766 runt
294 1718 313 1762 a
327 1697 450 1763 bellicis
465 1694 642 1770 exercitiis,
657 1704 689 1758 et
703 1693 790 1775 quod
802 1693 1002 1774 praecipuum
1016 1693 1102 1773 apud
1116 1701 1242 1758 veteres

205 1802 331 1874 luerat,
347 1807 419 1879 post
434 1795 542 1862 omnia
559 1795 591 1858 iu
604 1794 836 1861 existimatione
852 1793 1080 1876 puerorumque
1095 1791 1242 1860 habitum

206 1909 263 1966 eet.
293 1897 389 1976 Quod
400 1883 470 1960 'non
494 1895 601 1962 euenit
626 1895 749 1958 ultimis.
762 1894 916 1960 libertatis
938 1893 1156 1976 temporibus,
1183 1893 1242 1958 sed

207 1999 306 2065 terme
328 1997 361 2060 iu
384 1995 500 2077 primis¹
511 1995 621 2065 Romae
636 1995 862 2073 inerementis;
879 1996 1031 2077 domante
1052 1995 1137 2060 enim
1153 1993 1242 2060 bello

204 2097 350 2175 Punico,
372 2115 472 2179 quum
486 2097 610 2165 adesset
624 2094 783 2172 Annibal,
802 2097 887 2162 cives
897 2095 965 2177 iam
989 2097 1071 2160 adeo
1096 2093 1242 2158 delectus

205 2209 378 2279 pertaesum
390 2207 482 2272 erat,
499 2207 555 2270 ut,
571 2206 652 2260 teste
666 2195 775 2269 Liuio,
792 2219 805 2252 ι
825 2210 922 2274 supra
937 2193 1002 2260 duo
1013 2191 1111 2258 millia
1126 2210 1241 2258 eorum

208 2313 358 2362 censores
368 2315 407 2358 ex
412 2295 578 2376 juniorum
590 2293 705 2360 tabulis
715 2294 942 2376 excerpseriut,
957 2295 1012 2377 qui
1026 2293 1242 2376 quadriennio

204 2415 271 2467 nun
293 2396 546 2462 militasseutt.»
581 2395 623 2464 At
645 2413 723 2461 vero
740 2407 813 2478 post
835 2395 956 2462 Punica
979 2406 1013 2460 et
1033 2396 1241 2463 Macedonica

204 2497 286 2564 bella
305 2509 409 2562 totum
423 2515 481 2577 per
503 2496 618 2560 orbem
631 2495 737 2558 diffusi
753 2496 838 2560 cives
852 2495 987 2565 Romani
1000 2528 1015 2570 ,ν
1030 2504 1067 2558 ut
1087 2495 1235 2576 opifices,

205 2605 421 2670 mercatores,
458 2593 599 2675 pecuarii
626 2604 657 2658 et
698 2594 860 2676 publicani
876 2593 913 2672 ³,
945 2595 1173 2677 multiplicibus
1205 2615 1240 2662 sa

205 2695 344 2778 negotiis
357 2694 589 2772 innexuerunt,
606 2713 707 2777 quum
725 2696 806 2762 ratio
830 2697 973 2770 delectus
988 2697 1021 2768 itt
1037 2697 1150 2766 eodem
1166 2697 1243 2763 loco

204 2795 615 2872 sedem,rustican1vitam
637 2805 671 2861 et
696 2796 795 2862 duros
821 2797 889 2878 auri
911 2797 1059 2873 labores,
1087 2807 1120 2863 et
1144 2797 1239 2864 simul

205 2897 395 2963 continuum
409 2913 572 2960 armorum
587 2916 680 2964 usum
699 2909 857 2978 posceret

247 2997 318 3078 Ipsa
330 3005 438 3062 autem
452 3013 536 3064 nota
547 3007 707 3063 terrorum
717 2999 897 3064 Italicorum
908 2999 1051 3066 conditio
1067 2998 1243 3066 socialibus

203 3097 382 3164 delentibus
394 3096 539 3164 nocebat
557 3095 737 3179 succentu
747 3098 914 3181 publicus,
935 3117 1034 3182 quum
1050 3099 1135 3182 leges
1149 3118 1243 3182 agre-

204 3198 260 3262 riae
274 3197 444 3279 paulatim,
474 3208 602 3279 posttot
622 3197 803 3264 tribunitias
828 3200 1000 3287 procellas,
1027 3201 1238 3268 desuetudine

203 3295 461 3378 antiqumrentur,
478 3295 511 3358 in
535 3295 665 3362 Petrum
682 3307 715 3364 et
732 3298 866 3366 divitum
881 3319 994 3366 manus
1010 3316 1069 3383 per
1092 3297 1238 3368 siniulata

204 3397 367 3478 uectigalia
386 3407 418 3462 et
432 3397 617 3462 continuam
632 3401 867 3480 possessionem
883 3403 1007 3466 meavit.
1029 3403 1076 3466 Ex
1091 3403 1153 3468 boc
1176 3422 1241 3467 an-

204 3506 288 3571 tem,
304 3496 385 3558 lucri
400 3498 522 3562 exitiosi
540 3517 653 3576 causa,
667 3501 815 3583 antiquos
827 3501 948 3566 incolas
956 3500 1149 3582 depulerunt
1163 3503 1237 3568 novi

203 3613 421 3677 possessores,
447 3608 478 3660 et
506 3598 539 3658 iu
558 3617 672 3664 eorum
687 3600 792 3666 locum
816 3619 926 3666 seruos
949 3601 1165 3680 induxerunt,
1183 3613 1239 3668 aut

203 3715 276 3762 arva
292 3698 324 3760 in
341 3715 459 3779 pascua
473 3707 645 3764 uerterunt
666 3701 741 3783 Quo
756 3703 875 3768 luctum
887 3714 934 3768 est
949 3715 984 3768 ut
998 3701 1151 3769 Italorum
1163 3723 1238 3787 pars

238 3911 246 3943 ¹
266 3910 361 3984 Vogel.
376 3911 410 3967 de
423 3912 482 3968 llrt.
493 3912 571 3970 milit.
583 3913 604 3984 l,
621 3915 666 3982 98,
681 3916 709 3972 5.
724 3913 764 3972 Ci.
779 3917 891 3983 debean,
906 3917 981 3974 llllle
1000 3919 1080 3978 llle'm.
1097 3935 1124 3993 p.
1137 3919 1203 3978 alu.

238 3991 326 4044 Ἦν.
350 3992 450 4060 XXIV,
477 3997 519 4051 l8.

238 4072 319 4127 '‘Clc,
336 4089 384 4143 pro
400 4075 518 4146 Fonteio,
534 4080 554 4145 l,
571 4083 616 4136 lu,
