3182 4978
727 467 903 528 ...20-

291 605 372 668 num
395 606 555 670 civitatum
576 621 649 686 spes
662 616 801 669 extrema
812 653 823 682 ,
835 605 947 670 tranen
974 618 1047 690 post
1061 607 1240 691 Augustam
1256 629 1323 676 non

290 707 409 789 potuit.
430 707 582 772 Evocatio
592 707 701 784 enim,
716 709 837 790 quippe
856 727 930 791 quae
950 710 982 772 in
999 728 1086 774 arma
1097 711 1200 776 civem
1217 731 1327 794 quern-

296 829 358 892 que
377 810 510 886 inritet,
528 810 684 875 exercitos
705 810 839 892 requirit
864 809 1011 874 homines
1028 821 1060 874 et
1080 821 1241 876 strenuam
1256 813 1328 894 ple-

295 913 381 988 bem,
398 913 575 994 prmsertim
592 931 691 996 quum
705 914 821 978 virtute
835 925 867 977 et
878 925 957 990 arte,
973 915 1054 978 sieut
1068 915 1152 996 apud
1163 915 1324 997 antiquos,

295 1025 414 1094 agatur.
428 1014 491 1079 Sed
505 1013 666 1096 Augustus
679 1016 813 1082 Romam
829 1025 862 1079 et
875 1015 1011 1092 ltaliam,
1021 1026 1052 1079 et
1064 1016 1237 1079 senatorias
1251 1033 1326 1097 pro-

295 1116 414 1179 vincias
430 1117 526 1180 armis
542 1113 713 1182 extterat¹z
745 1135 844 1199 quum
865 1117 959 1197 igitur
979 1117 1011 1179 in
1029 1115 1207 1198 periculum
1222 1117 1326 1180 addu-

294 1227 421 1286 ceretur
435 1215 484 1282 vel
507 1218 693 1300 imperium,
714 1219 764 1283 vel
779 1218 952 1300 Princeps,
969 1217 1150 1299 conjuratio
1170 1215 1238 1280 laeri
1258 1235 1323 1282 nun

292 1328 436 1399 poterat,
460 1331 515 1384 aut
541 1321 635 1384 inane
661 1337 778 1386 nomen
804 1329 881 1384 erat.
909 1320 985 1384 Post
1006 1317 1176 1385 Varianam
1202 1317 1324 1384 cladem

291 1419 483 1500 Augustus⁸,
501 1439 599 1502 quarm
623 1423 826 1485 imminerent
839 1420 999 1496 Flauiani,
1025 1419 1323 1486 Vitellius³nnorem

290 1521 432 1602 priscum
455 1532 487 1584 et
509 1521 575 1602 jam
602 1522 659 1585 diu
684 1522 899 1586 intermissum
925 1539 1076 1585 revocare
1097 1521 1205 1584 conati
1228 1531 1322 1597 sunt;

291 1621 343 1685 ille
360 1649 376 1682 ‹
395 1623 531 1686 lasciviae
545 1632 665 1685 suetam
681 1634 713 1686 et
731 1622 878 1686 laborum
895 1621 1117 1686 intolerantem
1134 1621 1325 1703 conscripsit

290 1723 553 1789 multitudinem„
572 1725 601 1800 ¹,
623 1725 675 1786 laic
694 1723 782 1805 plebi
803 1723 944 1787 ludibrio
963 1721 1089 1786 habitus
1106 1733 1162 1785 est.

333 1823 511 1888 Permansit
529 1835 634 1887 tamen
659 1823 856 1888 evocationis
874 1839 965 1898 ursus,
983 1822 1039 1886 sed
1060 1822 1092 1884 in
1110 1822 1323 1904 imperatoriis

290 1923 512 1988 tantammodo
536 1924 730 2005 provinciis,
755 1935 789 1987 ut
812 1933 886 2006 pote
909 1941 980 2004 quae
1003 1931 1132 1986 armatae
1144 1934 1271 2001 essent,
1292 1935 1324 1987 ct

284 2023 504 2088 tumultuariis
519 2025 643 2088 auxiliis
658 2026 784 2089 hostem
799 2025 989 2107 propulsare
1005 2035 1135 2112 possent
1148 2035 1166 2086 ⁸.

332 2125 482 2190 Deiectus
505 2127 600 2189 etiam
621 2126 688 2190 lere
707 2126 883 2203 obsolevit,
904 2123 1014 2192 Romae
1034 2125 1220 2208 ‘praesertim
1241 2121 1321 2186 lllul-

283 2235 357 2288 =tnm
380 2227 464 2289 enim
485 2227 610 2290 timoris
634 2237 666 2290 et
687 2229 855 2291 seditionis
876 2227 1076 2304 allersbw,
1107 2245 1208 2309 quum
1227 2225 1320 2289 multi

282 2325 344 2406 'qui
359 2325 408 2388 rel
429 2324 576 2388 civilibus
593 2326 730 2406 negotiis
747 2327 1008 2407 implicarentur,
1025 2327 1074 2390 rel
1099 2327 1246 2392 socordia
1263 2345 1321 2392 vo·

290 2425 526 2509 luptatlltusque
559 2435 772 2501 tenerentur,
805 2427 948 2490 militiam
975 2427 1201 2490 detrectarent.
1231 2428 1321 2506 Quos

290 2525 449 2608 Augustus
468 2547 508 2592 en
530 2528 643 2607 priscis
668 2527 789 2609 legibus
808 2529 895 2611 ipsos
916 2527 1066 2610 bonaque
1090 2547 1202 2593 eornm
1225 2530 1323 2593 hasta

282 2627 472 2708 subjecit’,
498 2639 531 2691 et
562 2627 806 2692 consitutlones
835 2628 1086 2708 Imperatorum,
1112 2629 1167 2706 qui
1190 2629 1322 2689 severis-

282 2730 368 2793 sime
395 2729 594 2810 disciplinam
616 2728 786 2810 regebant,
813 2729 902 2792 duris
928 2725 1032 2808 poenis
1051 2723 1314 2787 mulctaverunt⁸.

283 2829 352 2894 Sed
369 2830 543 2911 prudentes
560 2830 743 2912 Principes,
760 2848 800 2893 ne
819 2828 928 2892 turbas
951 2835 1137 2901 moverent,
1160 2823 1320 2904 legionum

291 2927 565 3009 supplementum,
591 2927 687 2990 «sine
699 2925 911 3009 trepidatione
926 2923 1068 2989 delectas
1079 2953 1114 3000 a,
1133 2933 1167 2987 ut
1179 2923 1322 3004 loquitur

291 3027 441 3104 Velleius,
454 3023 689 3112 providebant.
709 3029 760 3094 Ob
775 3047 848 3093 eam
865 3045 932 3091 rem
949 3037 1115 3091 veteranos
1126 3043 1192 3089 uon
1213 3026 1322 3090 mitte-

327 3285 335 3314 ¹
351 3281 495 3338 Herodian.
506 3281 557 3337 lib.
571 3283 606 3348 ll,
623 3285 665 3336 ll.

328 3365 339 3396 ²
352 3363 426 3420 Suet.
442 3365 513 3435 Aug.
526 3365 570 3420 uo.
885 3391 892 3402 ·

329 3449 339 3479 ³
354 3447 417 3501 Tac.
433 3446 501 3501 Hist.
515 3446 560 3513 lll,
574 3447 618 3502 58.
635 3445 709 3501 Suet.
723 3443 812 3503 Vilell.
830 3447 871 3499 lt.

329 3529 418 3581 ”Tac
434 3528 529 3582 Artnal.
540 3529 561 3591 l,
577 3529 621 3583 51.

329 3613 338 3642 ⁸
350 3611 415 3664 Tar.
425 3609 493 3665 illst.
504 3609 551 3675 lli,
564 3610 608 3673 lit,
618 3615 650 3663 et
659 3609 768 3677 passim.
780 3608 972 3665 Tumulonariis
983 3607 1092 3664 auxiliis
1103 3603 1319 3678 provincialium.
1407 3623 1410 3630 ·

293 3694 427 3766 Spartian.
441 3692 468 3746 in
481 3691 542 3746 Did.
557 3689 654 3746 Julian.
666 3705 731 3760 pag.
742 3691 789 3746 oo.

328 3777 339 3810 ⁶
355 3775 420 3832 vau.
435 3775 469 3842 u,
484 3776 543 3831 loll.

331 3861 340 3891 ⁷
353 3861 425 3911 Suet.
443 3858 511 3926 Aug.
525 3859 570 3913 ill,

330 3939 456 4009 ⁸Digost.
469 3937 517 3992 lib.
528 3939 622 4004 xtuli,
640 3939 680 3992 tlt.
694 3937 767 4003 XVl,
781 3938 799 3991 l.
812 3939 838 3991 tt.

331 4029 340 4056 ⁹
355 4021 460 4090 Quanta
469 4033 529 4073 eum
542 4017 632 4088 quicto
643 4018 790 4079 hominum,
802 4030 859 4070 rent
872 4010 993 4083 perpetui
1009 4007 1191 4080 praesulque
1205 4012 1321 4078 timoris,

295 4105 528 4177 supplementum,
540 4099 599 4156 siro
613 4097 790 4170 trepidatione
803 4095 938 4160 delectus,
955 4091 1087 4164 providet.
1099 4091 1166 4148 Veli.
1182 4093 1214 4162 ll,
1228 4097 1287 4150 150,
