3182 4978
659 402 663 410 ’
768 432 945 494 -to-

345 578 393 645 et,
419 577 455 632 ut
477 567 618 650 loquitur
644 566 705 632 Dio
733 567 887 646 Cassius,
917 589 1080 654 nunquam
1104 593 1192 640 arma
1226 579 1373 663 deposuit

348 665 414 749 (τὰ
425 664 513 737 ὅπλα
529 665 778 759 καταθέσθαι.)Ι
801 673 909 753 Quum
935 677 1030 759 igitur
1059 681 1232 764 imperator
1257 704 1374 770 perpe-

343 787 416 840 tuus
432 786 533 852 esset,
551 776 697 856 perpetui
713 775 804 839 luere
815 778 983 842 exercitus.

387 873 545 940 Caeterum
561 875 623 940 hoc
638 884 707 940 erat
722 875 754 938 in
773 894 862 941 more
877 879 1016 960 positum
1032 882 1241 968 institutoque
1256 887 1372 954 Rorna-

340 995 475 1054 norum,
491 986 547 1052 ut,
565 995 663 1058 quum
684 974 727 1041 ob
749 977 887 1058 aliquam
904 999 1031 1046 causam
1050 1001 1115 1048 non
1135 987 1371 1052 dimitterentur

339 1077 498 1158 legiones,
530 1076 706 1142 detectibus
733 1077 958 1159 supplerentur
972 1077 992 1145 ².
1012 1082 1109 1162 Quod
1132 1087 1282 1151 usitatum
1299 1090 1371 1152 lue-

340 1189 389 1241 rat
405 1180 437 1241 in
456 1178 638 1260 longinquis
659 1177 750 1241 bellis
761 1189 793 1242 et
804 1181 939 1246 maxime
951 1183 1035 1247 inter
1047 1186 1149 1250 civilia
1165 1205 1252 1252 arma
1271 1200 1370 1254 :tuno

339 1295 405 1342 non
426 1276 711 1343 conscribebantur
727 1277 800 1340 novi
818 1279 975 1344 exercitus
984 1327 996 1359 ,
1014 1283 1070 1346 sed
1086 1295 1209 1350 veteres
1227 1287 1369 1352 tironum

339 1397 400 1461 ope
421 1377 661 1460 reparabantur.
681 1377 757 1443 Post
775 1376 938 1443 Actiacam
959 1393 1066 1448 autem
1082 1403 1220 1466 pugnam
1237 1388 1371 1468 supple-

338 1489 500 1555 mentum,
517 1496 592 1552 raro
608 1488 701 1548 antea
715 1489 920 1560 usurpatum,
941 1482 974 1543 in
991 1484 1152 1564 vulgarem
1171 1497 1204 1550 et
1219 1497 1368 1551 constan-

336 1591 400 1644 tem
416 1597 509 1644 usum
525 1579 648 1644 cecidit.
666 1577 720 1640 Sic
731 1579 841 1642 eadem
854 1578 1008 1644 vocabula
1023 1600 1132 1646 rerum
1145 1585 1362 1650 remanebant.

379 1682 416 1746 In
435 1681 495 1746 hac
517 1698 553 1746 re
573 1679 681 1761 igitur,
698 1677 784 1742 velut
805 1678 837 1740 in
866 1681 1007 1758 caeteris,
1025 1682 1186 1764 quoddam
1210 1695 1365 1768 tempera-

335 1789 477 1843 mentum
502 1777 633 1842 novitati
660 1774 765 1840 attulit
790 1773 969 1856 Augustus,
995 1789 1027 1842 et
1049 1797 1148 1860 quum
1172 1782 1361 1864 Reipublicae

334 1880 453 1943 formas
471 1878 642 1952 retineret,
658 1876 794 1956 gliscens
814 1887 846 1941 et
860 1879 1013 1959 paulatim
1031 1880 1198 1962 insurgens
1219 1883 1355 1948 dissimu-

333 1980 408 2044 lavit
423 1978 601 2060 imperium.
622 1975 770 2069 Attamen
787 1996 826 2042 ex
843 1978 905 2043 boc
922 1979 1058 2044 consilio
1078 1982 1234 2048 nonnulla
1253 1999 1359 2048 acces·

334 2089 444 2146 serunt
469 2078 673 2144 incommoda
689 2099 698 2141 ε
724 2089 852 2143 mortuo
865 2079 950 2142 enim
965 2071 1127 2161 Augusto,
1144 2063 1243 2146 multa
1255 2084 1315 2148 init
1329 2083 1361 2144 in

331 2183 475 2246 futurum
489 2179 646 2256 formido,
661 2197 779 2261 quum,
795 2195 888 2244 verso
904 2176 1039 2243 civitatis
1054 2190 1156 2258 statu,
1179 2182 1258 2246 nihil
1282 2193 1365 2247 esset

332 2300 466 2364 usquam
481 2280 578 2361 prisci
591 2279 691 2343 moris
704 2279 862 2358 integrum
877 2290 908 2342 et
922 2280 1002 2343 nihil
1018 2281 1092 2345 novi
1108 2281 1290 2348 stabilitum.
1311 2283 1364 2348 Sic

264 2411 269 2418 ·
332 2385 365 2447 in
387 2401 423 2448 re
445 2381 573 2446 militari
594 2381 736 2462 legiones
760 2378 964 2460 ambigebant
985 2398 1132 2460 quaenam
1153 2383 1260 2452 futura
1281 2397 1368 2450 esset

330 2495 403 2567 post
418 2482 596 2564 Augustum
615 2501 672 2546 sua
688 2481 830 2547 conditio
838 2475 862 2556 ³,
886 2497 946 2544 nee
961 2479 1048 2543 aliud
1068 2479 1225 2560 putabant
1237 2481 1367 2548 timoris

330 2585 378 2648 sni
394 2584 604 2646 levamentum
626 2582 766 2662 quamsi
791 2580 886 2642 certis
903 2578 963 2643 snb
983 2578 1105 2659 legibus
1126 2579 1239 2643 militia
1261 2582 1366 2650 inire-

329 2685 421 2758 turl.
446 2683 510 2749 Sed
531 2684 588 2748 bas
611 2681 696 2762 leges
718 2679 880 2760 Augustus
903 2688 935 2742 et
963 2678 1007 2740 illi
1030 2681 1084 2760 qui
1104 2693 1178 2760 post
1201 2701 1275 2746 eum
1293 2703 1363 2766 reg-

330 2806 446 2852 navere
463 2784 659 2851 constituere
678 2780 872 2856 noluerunt,
896 2789 1074 2844 metuentes
1099 2799 1139 2845 ne
1163 2783 1360 2848 immaturius

328 2891 528 2971 evulgaretur
545 2884 669 2965 imperii
692 2899 853 2944 arcanum.

371 2989 540 3059 Attamen,
561 2982 704 3064 quamvis
725 2980 854 3062 antiqua
870 2979 916 3042 rei
939 2997 1031 3044 novae
1058 2981 1188 3046 nomina
1211 2985 1353 3062 imposita

325 3089 479 3163 luissent,
498 3102 564 3148 non
587 3083 697 3148 lelellit
721 3091 923 3164 posterorum
946 3082 1136 3146 saeculorum
1160 3081 1326 3162 scriptores
1340 3127 1366 3155 ,.

325 3189 461 3254 maxime
481 3185 634 3262 Graecos,
662 3203 758 3266 quarn
788 3182 886 3246 multa
915 3184 1080 3248 immutata
1105 3185 1244 3248 fuissent.
1274 3180 1353 3244 Nam

325 3289 386 3354 Dio
410 3287 554 3362 Cassius,
582 3287 614 3347 in
637 3285 689 3348 illa
708 3283 837 3364 copiosa
863 3282 902 3346 de
931 3281 1104 3364 Republica
1134 3281 1354 3346 constituenda

324 3391 470 3456 oratione
486 3406 581 3470 quam
597 3385 759 3451 blaecenati
781 3383 914 3460 tribuit,
944 3385 1151 3448 eum-omnia
1176 3403 1248 3466 quae
1276 3399 1356 3446 con-

322 3493 425 3556 festim
449 3502 505 3554 ant
529 3489 682 3570 temporis
710 3503 859 3550 successu
885 3485 1122 3548 constituerunt
1144 3485 1357 3566 Imperatores

322 3591 506 3655 suadentem
530 3589 659 3652 inducit.
697 3587 795 3664 Quasi
824 3586 898 3648 novi
928 3595 1027 3649 status
1052 3585 1200 3650 conditor
1227 3603 1355 3654 omnem

359 3817 368 3848 ⁴
386 3827 509 3886 Καίσαρος
519 3822 710 3883 βουλευσαμένου
722 3821 783 3867 eolre
798 3818 858 3866 dalet
870 3819 1030 3864 καταθέσθαι.
1047 3809 1124 3864 Dion.
1143 3808 1189 3864 lib.
1199 3811 1243 3876 dl,
1256 3825 1282 3879 p.
1293 3810 1355 3862 [165.

357 3908 445 3963 ’Lim
468 3921 542 3978 pass.
565 3906 604 3960 cl.
629 3907 741 3974 tenear,
768 3905 807 3961 lle
826 3903 907 3960 illem.
927 3919 953 3973 p.
978 3905 1029 3958 att
1056 3908 1082 3958 et
1105 3920 1162 3974 seq.

358 3989 444 4044 ³Tac.
458 3986 554 4043 Annal.
568 3989 601 4054 l.,
617 3989 659 4044 ld.

357 4071 419 4124 lld.
435 4070 474 4125 lb.
493 4072 534 4126 ll.
