3182 4978
770 409 947 468 ...⁶26-

339 545 384 610 nii
404 555 435 608 et
456 543 583 625 Trajani
607 544 724 626 liquet,
749 542 985 627 beneficiarios¹.
1003 544 1167 627 Plerisque
1193 563 1267 610 vero
1288 563 1369 627 pro-

339 647 450 710 vinciis
465 664 535 710 mos
554 658 623 710 eret
637 657 671 710 ut
691 665 749 729 per
764 645 910 727 publicos
928 663 1035 710 servos
1051 659 1289 712 asservarentur
1305 667 1369 730 pu-

337 747 430 812 blicae
445 748 598 812 eustodiae
608 751 628 812 ’.

381 849 423 914 At
438 849 548 916 Romae
559 849 726 914 alebantur
741 848 872 913 urbanae
895 849 1132 931 cohortesque
1153 867 1227 913 cum
1244 862 1366 930 praeto-

338 951 436 1015 riauis
446 971 557 1033 pacem
575 961 754 1027 tuerentur,
770 961 802 1014 et
817 952 960 1034 insuper,
973 950 1029 1014 sed
1045 950 1204 1014 rarissime
1224 977 1236 1010 ι
1253 951 1368 1016 incen-

338 1052 464 1116 diorum
486 1071 599 1129 causa,
621 1063 654 1116 et
672 1053 698 1114 si
717 1052 919 1115 tumultusin
936 1053 1081 1132 graviore
1098 1069 1225 1116 annone
1247 1063 1369 1117 metue·

338 1163 439 1228 retur,
457 1152 575 1216 fiebant
601 1154 802 1218 servitiorum
819 1153 960 1218 delectus
982 1156 1013 1229 ³3
1036 1179 1048 1212 s
1072 1153 1177 1234 itaque
1202 1152 1369 1217 allevatum

339 1262 408 1316 erat
421 1251 557 1317 militum
573 1271 699 1318 munus.

383 1353 519 1418 Omnem
540 1354 623 1418 hanc
638 1355 779 1419 delectus
796 1355 955 1420 rationein
974 1355 1059 1420 haud
1072 1355 1206 1419 multum
1228 1365 1370 1419 mutave·

338 1464 430 1530 runt,
447 1455 501 1534 qui
517 1465 591 1535 post
604 1453 780 1536 Augustum
795 1473 983 1538 regnavere,
1000 1455 1056 1520 sed
1073 1455 1263 1538 quibusdam
1279 1456 1371 1518 insti·

338 1554 414 1618 tutis
432 1564 698 1636 temperaverunt.
721 1556 832 1639 ¹Edixit
851 1557 999 1622 Tiberius
1023 1567 1059 1620 ut
1077 1555 1229 1621 vicesimo
1249 1557 1369 1621 militiae

337 1673 423 1720 anno
435 1656 575 1720 veterani
586 1657 834 1733 dimitterentur,
848 1670 881 1722 et
896 1685 909 1718 ι
924 1659 1007 1722 mele
1022 1658 1166 1722 consulta
1183 1659 1366 1736 seditionis,

338 1755 453 1836 quibus
466 1756 643 1822 Pannonici
658 1759 774 1822 milites
789 1759 947 1822 sexdecim
964 1758 1199 1838 stipendiorum*
1210 1760 1305 1824 linem
1317 1779 1369 1824 ex-

337 1867 537 1940 presserant,
561 1883 574 1918 »
594 1857 732 1923 abolevit
746 1859 766 1922 ¹.
788 1859 852 1924 Sed
879 1859 998 1925 Tiberii
1027 1858 1077 1924 lex
1103 1878 1177 1925 raro
1202 1861 1368 1926 observata

337 1967 404 2035 est,
428 1967 460 2022 et
478 1975 699 2041 sepenumero
717 1970 791 2042 post
812 1961 996 2025 vicesimum
1023 1978 1142 2024 annum
1166 1962 1289 2026 emeriti
1309 1961 1368 2025 sub

338 2058 459 2124 vexillis
484 2060 598 2124 retenti
627 2071 701 2124 sunt
715 2060 735 2125 ⁸.
765 2063 975 2144 rmaptaarte
1000 2061 1075 2126 vero
1099 2060 1220 2124 militiae
1247 2079 1367 2142 genus,

337 2161 425 2242 quod
440 2161 614 2226 vocabatur
639 2179 734 2243 sopra
759 2179 946 2238 nnmerum,
964 2179 1028 2244 quo
1043 2161 1189 2226 absentes
1204 2207 1215 2238 ,
1229 2173 1261 2226 et
1275 2161 1369 2226 titulo

338 2266 432 2318 tenus
458 2257 686 2335 iungerentur,
705 2257 843 2320 instituit
870 2257 1022 2323 Claudius
1041 2258 1060 2322 ⁶.
1089 2258 1234 2325 Vitellius
1260 2271 1364 2325 autem

338 2352 513 2434 amputavit
521 2352 681 2434 legionum
689 2353 943 2436 auxiliorumque
953 2358 1364 2440 numerum,supplementa

338 2455 459 2531 vetuit,
477 2454 675 2536 promiscuas
691 2455 859 2520 missiones
874 2455 1010 2534 obtulit,
1029 2468 1062 2520 et
1077 2475 1205 2523 omnem
1222 2455 1365 2522 militiam

339 2554 489 2619 convellit
505 2551 525 2619 ⁷.
556 2554 620 2619 Sed
635 2556 816 2621 Hadrianus
839 2557 998 2622 labantem
1023 2557 1368 2638 disciplinam'incuria

337 2655 538 2737 superiorum
553 2656 737 2739 Principum
751 2659 910 2730 restitnit,
936 2655 1085 2720 omnihus
1099 2656 1196 2718 rebus
1211 2674 1251 2718 ex
1269 2659 1368 2718 veteri

338 2773 428 2821 more
443 2758 607 2825 ordinatis.
627 2758 769 2825 Providit
783 2761 868 2824 enim
891 2785 903 2818 α
922 2775 963 2822 ne
986 2755 1057 2837 quis
1075 2763 1130 2819 aut
1144 2753 1251 2816 minor
1272 2771 1367 2835 quarn

337 2883 350 2918 ι
373 2856 471 2920 virtus
481 2868 641 2938 posceret,
655 2867 710 2922 aut
725 2856 827 2938 major
841 2873 936 2938 quam
953 2862 1116 2935 pateretur
1129 2851 1322 2929 humanitas,
1336 2853 1369 2914 in

346 2987 358 3012 a
375 2958 488 3020 castris
503 2966 695 3036 versaretur,
709 2959 848 3042 egitque,
862 2983 874 3018 ι
886 2956 974 3039 quod
986 2971 1052 3020 non
1062 2964 1154 3018 antea
1166 2953 1369 3017 observatum
1422 2941 1429 2990 7

339 3055 476 3135 videtur,
503 3069 569 3122 «ut
587 3058 648 3123 sibi
668 3078 794 3141 semper
819 3058 935 3124 milites
961 3056 1029 3123 nwoti
1056 3065 1179 3131 essent,
1206 3063 1369 3118 eteorum

339 3175 491 3224 numerus
511 3161 647 3226 sciretur
658 3160 678 3225 ⁸.
699 3187 712 3220 »
733 3162 807 3240 Quo
820 3161 966 3242 exemplo
982 3177 1059 3224 usus
1070 3155 1250 3224 Alexander
1264 3156 1297 3218 in
1315 3173 1371 3219 cu·

375 3362 384 3394 ⁴
399 3359 467 3416 Plin.
480 3361 527 3417 lib.
541 3363 579 3431 X,
587 3363 636 3435 Ep.
651 3363 685 3420 56
699 3368 726 3418 et
737 3360 830 3420 stet
842 3361 964 3418 liuiuart.
979 3360 1037 3415 llct.
1052 3361 1168 3426 sincera,
1180 3358 1207 3412 in
1220 3365 1272 3412 act.
1287 3355 1372 3411 Frue-

340 3446 409 3501 tuosi
422 3451 450 3502 el
462 3447 550 3519 Agap.

376 3527 441 3582 ’ld
455 3529 505 3599 Ep.
519 3531 554 3586 50
565 3536 593 3585 et
604 3532 649 3585 dl.

375 3615 470 3668 ‘Suet
485 3614 598 3684 August.
614 3615 657 3670 26.

376 3696 464 3752 '‘Tao.
480 3693 582 3752 Annal.
599 3697 621 3763 l,
635 3695 679 3752 78.

376 3778 437 3834 tuf.
452 3779 530 3837 Grut.
544 3779 670 3850 inscript.
682 3777 759 3834 milit.

376 3863 475 3918 ⁶Suot.
491 3861 585 3917 Claud.
600 3863 644 3919 uu.
659 3861 698 3918 Cl.
712 3861 781 3916 Non.
797 3877 830 3917 ex
845 3861 957 3918 Varron.
973 3859 1001 3912 in
1012 3853 1143 3927 optiones.

377 3945 461 4000 'Tae
474 3943 541 3999 Hist.
555 3946 590 4009 ll,
601 3946 645 3999 st.

376 4027 531 4098 ⁸Spartian.
547 4024 674 4081 lladrian.
691 4043 718 4095 p.
732 4029 758 4092 s,
773 4027 803 4080 D.
