3182 4978
672 496 849 557 ...51-

286 641 350 706 Sed
362 648 503 701 veterum
516 651 640 698 morum
653 646 812 700 amatores
835 645 1088 716 servatoresque,
1109 653 1208 716 quum
1221 654 1291 700 arr--

244 740 387 820 gustiore
402 749 434 802 et
447 737 655 819 prudentiore
676 738 785 801 animo
802 755 853 802 res
873 735 1110 820 perspicerent,
1123 735 1281 817 irruptum

245 837 438 912 exercitum,
456 846 487 899 et
510 835 661 898 cohortes
684 834 951 916 alienigenarum,
969 832 1055 897 velut
1069 833 1286 914 captivitatem·

236 937 346 1018 ‚illatas
363 935 578 1011 asserebant',
597 946 707 1000 ernon
725 935 840 1017 injuria
856 934 1069 1000 timebuntne
1087 933 1139 998 rlla
1155 934 1280 998 ratione

242 1039 274 1098 in
289 1037 654 1102 extremumdiscrimen
666 1036 857 1118 Respublica
869 1037 1092 1100 adduceretur.
1110 1034 1192 1114 Quae
1203 1053 1279 1099 veru

240 1138 403 1202 incassum
416 1136 650 1219 predicabant,
663 1137 765 1206 Roma
777 1148 883 1205 eutem
897 1155 1040 1219 praeceps
1051 1135 1204 1218 agebatur
1214 1154 1284 1220 qun

239 1240 370 1304 fortuna
387 1239 517 1321 lataque
532 1256 600 1304 eam
618 1239 784 1306 vocabant.
806 1239 885 1306 Nam
899 1239 1064 1321 Principes
1079 1238 1171 1304 aliter
1185 1256 1278 1320 agere

240 1338 435 1421 nequibant,
453 1350 485 1403 et
505 1339 609 1416 eires,
627 1340 897 1425 propriisinteuti
914 1341 1070 1422 negotiis,
1090 1350 1125 1404 et
1139 1339 1279 1420 Rempn-

237 1439 356 1505 blicam
381 1450 416 1504 ut
436 1439 572 1504 alienam
597 1440 810 1522 negligentes,
831 1439 947 1523 quibus
969 1440 1094 1506 auxiliis
1112 1441 1196 1506 iesse
1220 1439 1280 1508 im-

217 1541 331 1619 1perio
340 1540 579 1616 subveniretur,
588 1541 814 1608 dummudnab
826 1559 938 1608 eurum
950 1559 1048 1624 opera
1056 1541 1277 1623 tirociniisque

238 1637 435 1704 abstinerent
455 1640 643 1721 Principes,
657 1657 723 1704 nun
746 1641 903 1706 curabant
913 1655 933 1705 ².
955 1641 1076 1707 Omnes
1097 1651 1223 1717 autem,
1242 1651 1281 1704 ur

236 1749 315 1818 pute
329 1739 384 1820 qui
400 1740 570 1804 maximam
584 1757 693 1804 rerum
705 1739 922 1806 Romanarum
936 1739 1085 1804 fiduciam
1101 1738 1273 1813 baberent,

235 1840 365 1904 etiamsi
380 1841 526 1904 maximis
543 1840 576 1904 in
591 1842 743 1923 perictdis
760 1845 874 1910 versati
894 1845 1049 1921 luissent,
1064 1862 1137 1910 cum
1153 1841 1282 1908 Gallicu-

235 1950 329 2018 poeta
345 1941 661 2008 Namatianudicere
677 1945 859 2025 potuissent
879 1965 887 2008 ε

360 2039 441 2118 Quae
456 2041 555 2122 mergi
567 2055 733 2126 nequeunt
747 2046 820 2111 nisu
832 2046 953 2128 maj0re
969 2055 1141 2124 restagnat

436 2138 658 2222 Exsiliumque
671 2143 849 2204 intestatus
862 2155 933 2206 acta
945 2143 1034 2206 vadis
1047 2142 1068 2203 ³.

278 2236 457 2311 Praeterea,
476 2250 610 2318 urgente
631 2240 845 2316 necessitate,
858 2257 924 2307 non
941 2250 1009 2306 erat
1027 2240 1273 2322 prudentiam-

236 2349 312 2410 cus,
330 2345 362 2398 et
373 2353 491 2418 quum,
500 2336 568 2419 jam
583 2338 707 2406 dudum
719 2341 964 2431 aspernantibus
976 2341 1121 2408 militiam
1135 2341 1271 2408 civibus.

235 2445 395 2500 cresceret
408 2456 480 2500 cum
496 2437 622 2520 Imperii
639 2442 881 2504 necessitatibus
895 2443 1076 2521 desperatio
1093 2443 1272 2521 pruvincia-

235 2551 325 2608 rum,
342 2537 571 2614 experiendum
590 2548 659 2602 erat
676 2556 771 2602 omne
787 2539 983 2615 remedium,
999 2551 1034 2604 ut
1053 2541 1164 2608 ltomae
1178 2541 1271 2605 saluti

235 2632 467 2698 consuleretur.
487 2635 565 2700 Inde
581 2638 699 2703 facium
718 2650 766 2704 est
781 2651 816 2705 ut
831 2641 994 2706 novissimi
1010 2642 1175 2726 Principes
1189 2643 1273 2709 Bar-

235 2730 332 2796 barus
348 2733 380 2796 in
395 2735 577 2816 provincias
596 2749 628 2804 et
645 2731 804 2804 eremitas
825 2743 1030 2821 admiserint,
1045 2755 1098 2822 et,
1115 2744 1271 2810 delicien-

232 2829 318 2892 tibus
330 2831 449 2896 viribus
464 2837 621 2915 propriis,
635 2836 814 2918 plusquam
830 2838 973 2918 prudens
988 2840 1117 2915 luisset,
1130 2842 1277 2906 externis-

233 2928 360 2992 auxiliis
383 2931 624 3020 Rempublicam
647 2938 801 3002 roborare
821 2938 989 3004 voluerint.
1015 2939 1150 3006 Barbari
1174 2941 1270 3024 igitur

234 3030 380 3110 recepti,
400 3033 458 3096 sed
483 3051 550 3098 nou
576 3036 689 3101 eadem
711 3039 835 3104 ratione
859 3058 972 3106 onmes
997 3041 1096 3108 habiti
1124 3043 1262 3112 luerunt

232 3128 353 3211 Nempe
369 3131 422 3194 alii
440 3136 556 3215 captivi
573 3135 751 3202 Romanurn
768 3139 801 3202 in
821 3139 923 3204 selum
941 3142 1061 3230 inducti
1078 3143 1220 3221 luerunt,
1239 3155 1277 3209 etr

232 3248 291 3310 per
303 3232 487 3312 provincias
499 3236 654 3318 dispersi,
669 3249 703 3302 ut
715 3239 764 3303 vel
778 3241 917 3306 dominis
930 3227 1103 3320 servirent,
1116 3244 1166 3312 vel
1175 3264 1277 3327 agros-

232 3331 410 3400 colerent.
430 3333 528 3414 Quod
546 3357 611 3405 non
632 3358 751 3405 novum
770 3352 856 3419 erat,
874 3345 929 3408 sed
947 3365 964 3408 a
982 3345 1097 3426 priscis
1119 3347 1273 3414 Romanis

232 3431 402 3510 usitatum;
417 3436 572 3503 Romulus
589 3441 674 3504 enim
704 3465 716 3500 ι
738 3427 1065 3526 ρΙεῐοεῳιορορυΙόε
1088 3447 1200 3527 eodem
1219 3447 1270 3510 die

233 3527 362 3609 hostes,
380 3535 454 3600 dein
475 3539 558 3604 cives
584 3541 740 3606 habuerat
751 3535 772 3606 ⁵.
794 3569 806 3602 s
830 3538 893 3608 Alii
911 3553 1018 3612 autem
1040 3545 1271 3634 Barbaripru·

269 3789 356 3846 ‘Tae
374 3793 472 3852 Annal.
488 3797 540 3866 ΧΙ,
556 3800 600 3855 25.

270 3871 281 3902 ²
293 3869 383 3930 lirum.

270 3953 351 4010 lllut.
368 3956 430 4013 ltin.
443 3963 471 4028 l,
486 3977 513 4018 v,
530 3965 590 4021 tls.

268 4037 372 4093 'trab
384 4040 451 4098 Poll.
463 4043 503 4100 Gl.
519 4061 547 4116 p.
562 4049 623 4105 lib.
639 4049 707 4123 Vop.
723 4051 803 4112 Prob.
818 4055 880 4112 259.
895 4053 934 4112 Gi.
949 4055 1028 4114 llam.
1043 4058 1111 4116 Pan.
1122 4061 1229 4120 llarim.
1242 4064 1268 4116 tu

271 4117 358 4176 “Tac
375 4123 471 4182 dunel.
488 4127 543 4195 Xl,
557 4131 601 4186 ll.
