3182 4978
724 422 903 488 -18-

302 566 446 648 pondere
462 563 675 645 gravabantur
689 575 722 628 et
737 563 916 628 delectibus
938 563 1209 632 exhauriebantur
1220 583 1240 632 ¹.
1271 571 1337 636 Ne-

303 686 366 749 que
391 666 444 730 bic
463 665 644 730 addendum
668 677 716 730 est
740 665 884 746 elegatis
899 675 932 730 et
945 665 1138 747 praetoribus
1162 686 1248 751 saepe
1264 689 1337 736 cor-

302 782 432 854 mptum
447 767 761 844 luissedelectum²3
786 767 848 832 hoc
875 767 961 832 enim
987 767 1175 846 bominum,
1198 790 1263 836 nou
1288 774 1336 837 le-

302 891 377 955 gum
388 871 499 937 vitium
513 881 580 946 est,
595 879 627 935 et
642 869 674 932 in
691 867 841 934 omnibus
852 867 1047 945 civitatibus,
1064 881 1096 934 et
1108 869 1191 936 bene
1206 873 1335 954 quidem

303 974 481 1050 ordinetis,
499 971 625 1036 accidit.

347 1073 559 1140 Nihilominus
581 1071 741 1138 difficilius
764 1072 796 1135 in
820 1071 888 1134 dies
902 1071 1044 1137 delectus
1060 1074 1221 1155 agebatur.
1244 1076 1334 1141 Ado-

301 1177 457 1242 lescentes
475 1174 564 1240 enim
588 1172 678 1238 multi
708 1183 942 1238 sacramentum
972 1175 1249 1254 detrectabant⁵,
1278 1189 1332 1254 et,

300 1277 445 1342 militiam
470 1273 694 1340 recusantibus
716 1275 774 1357 v(piri
796 1274 883 1338 domi
907 1291 995 1355 spem
1012 1273 1130 1340 bonam
1158 1275 1334 1354 haberent,

300 1376 563 1442 conscribebatur
573 1394 613 1442 er
625 1375 805 1440 civitatibus
814 1374 971 1456 pessimus
980 1376 1132 1458 quisque,
1147 1378 1331 1453 mulititudo,

300 1486 336 1540 ut
351 1475 396 1538 ait
416 1474 564 1549 Tacitus,
591 1501 603 1534 c
623 1472 817 1548 vernacula,
842 1471 977 1538 lasciviae
992 1482 1104 1550 strete,
1131 1484 1163 1538 et
1185 1473 1332 1540 laborum

300 1575 476 1642 intolerans
491 1576 512 1638 ⁸.
537 1601 548 1632 ι

343 1677 500 1743 Praeterea
515 1675 633 1752 multa,
650 1693 742 1757 quae,
760 1675 884 1755 vigente
899 1673 1088 1756 Republica,
1105 1675 1243 1753 liebant,
1261 1679 1332 1742 'lieri

291 1779 522 1860 nequiverunt.
540 1775 598 1840 lllo
608 1775 693 1840 enirn
708 1785 869 1855 tempore,
883 1774 1022 1838 dimissis
1032 1774 1229 1856 legionibus,
1249 1779 1334 1843 cives

298 1877 468 1961 penatibus
482 1877 547 1941 suis
568 1875 797 1952 reddebantur,
825 1886 857 1938 et
881 1875 991 1951 domi,
1011 1886 1086 1957 post
1111 1875 1249 1956 legitima
1273 1879 1333 1942 sti-

291 1980 433 2064 pendia,
449 1978 649 2060 magistratus
663 1976 835 2042 ambibunt
848 1974 911 2040 Sed
924 1987 1113 2059 postquam,
1130 1978 1221 2040 linito
1231 1977 1330 2050 bello,

291 2082 441 2162 legiones
456 2079 598 2143 inarmis
612 2088 839 2159 permanentes
857 2094 923 2141 non
938 2076 1089 2153 Romam,
1104 2076 1158 2140 sed
1171 2076 1209 2138 ad
1227 2085 1328 2136 castra

298 2181 410 2246 statim
437 2176 727 2252 reducebanturl,
762 2173 908 2240 civilibus
937 2173 1059 2238 artibus
1094 2183 1125 2238 et
1152 2169 1329 2236 bonoribus

298 2281 432 2346 omnino
451 2277 569 2358 putati
591 2276 722 2338 luerunt
744 2274 920 2354 legionarii.
940 2275 1122 2356 Antiquatae
1142 2283 1217 2338 sunt
1236 2271 1331 2356 igitur

298 2379 510 2460 omuesleges
517 2376 565 2440 de
580 2374 720 2456 legitimo
744 2373 928 2454 stipendio,
944 2372 1028 2438 Julia
1048 2374 1246 2454 praesertim,
1273 2390 1332 2453 per

287 2499 392 2566 *quam
415 2475 630 2558 municipibus
656 2483 756 2556 apest
772 2471 930 2554 stipendia
947 2488 1030 2554 equo
1049 2471 1082 2534 in
1107 2471 1231 2552 legione
1251 2471 1330 2546 tria,

297 2589 352 2644 aut
373 2574 531 2658 pedestria
556 2572 588 2634 in
611 2571 735 2650 legione
762 2566 895 2644 sex⁶,»
925 2579 1034 2648 potere
1058 2580 1090 2632 et
1117 2587 1231 2649 capere
1261 2588 1331 2632 ma-

297 2680 446 2760 gistratus
462 2674 581 2738 liceret
610 2671 674 2736 Nec
690 2667 848 2734 veteranis
876 2683 949 2747 spes
974 2676 1044 2728 erat
1070 2667 1173 2728 civilia
1197 2685 1330 2730 munera

297 2796 434 2860 gerere,
459 2793 556 2858 quum
583 2771 670 2836 nulla
692 2770 766 2852 lege
782 2767 1017 2852 provideretur,
1034 2775 1108 2847 post
1121 2775 1200 2847 quot
1227 2781 1330 2828 annos

298 2883 501 2946 mitterentur
516 2875 641 2940 milites.
663 2874 746 2938 llinc
763 2870 825 2934 illae
844 2868 1109 2936 Pannonicorum
1124 2877 1180 2931 aut
1199 2866 1331 2932 Germa-

298 2983 444 3066 nicorum
467 2975 664 3040 exercituum
689 2973 845 3056 querelae,
871 2975 1021 3040 «tricena
1040 2980 1095 3034 aut
1122 2971 1331 3051 quadrageno

298 3083 337 3146 sti
362 3078 495 3144 endia.»

339 3101 495 3246 ¹ilttumeu
513 3175 663 3257 patricii,
688 3175 742 3254 qui
762 3173 947 3236 tirocinium
966 3168 1193 3253 deponebant,
1212 3185 1276 3232 non
1294 3177 1330 3228 ut

298 3278 532 3362 manipulares,
559 3276 615 3338 sed
629 3283 665 3336 ut
682 3271 823 3352 praeferti
841 3269 1002 3332 tribuniae
1015 3267 1045 3344 ⁷,
1064 3279 1095 3332 et
1110 3284 1194 3343 saepe
1211 3264 1251 3324 ab
1266 3264 1329 3322 lm-

333 3485 341 3516 ⁴
355 3482 492 3552 Spartian.
506 3477 534 3532 in
545 3473 697 3539 Hadriano,
706 3489 738 3542 p.
750 3471 781 3536 6,
794 3469 824 3526 C.
840 3468 864 3522 J.
876 3461 1055 3535 Capitolinin
1068 3462 1151 3518 Marc.
1162 3460 1225 3514 Aut.
1240 3457 1328 3524 aad.

334 3553 445 3617 ’Motus
459 3563 553 3614 senatu
567 3561 594 3610 et
605 3551 712 3608 Paedius
728 3551 844 3616 BlaesuS,
865 3545 1053 3605 accusantibus
1068 3540 1269 3618 Cyrenensibus
1273 3578 1327 3594 .....

297 3645 431 3701 delectum
442 3638 584 3694 militarem
596 3633 682 3706 pretio
694 3632 1046 3702 elambitionecorruptum.
1055 3629 1120 3685 Tac.
1130 3623 1327 3688 Ann.XlV,l8.

333 3726 466 3782 ³Sneton.
483 3720 515 3798 in
537 3717 651 3790 August.
670 3718 715 3774 bit.
735 3717 796 3772 arr.
820 3713 945 3772 lienand.
967 3713 1070 3785 Digest.
1095 3707 1142 3764 lib.
1159 3704 1261 3772 XLIX,
1287 3703 1329 3757 tit.

296 3810 370 3876 XVI,
384 3807 403 3862 l.
417 3809 444 3863 lt.

333 3892 343 3922 ¹¹
356 3887 421 3943 l'ao.
433 3884 530 3942 dunel.
549 3886 575 3948 l,
587 3885 632 3938 51.

332 3973 418 4026 '‘Tac.
432 3975 459 4024 et
470 3966 538 4022 illst.
554 3964 667 4034 August.
683 3964 793 4036 passim.

332 4059 343 4087 ⁶
356 4057 385 4110 L.
400 4051 462 4128 lull.
482 4045 635 4118 llunicipal.
651 4061 695 4118 ap.
710 4046 806 4115 Egger.
821 4040 906 4096 Latini
924 4052 1042 4093 sermon.
1053 4033 1141 4126 lieliq.
1156 4035 1198 4101 L.,
1212 4034 1267 4104 §d

277 4153 280 4160 ·
331 4139 419 4192 'Tac
434 4131 563 4202 agricii.
