3182 4978
753 411 929 478 ..gg-

320 574 499 647 praeerant,
527 564 662 628 ducatus
687 563 921 644 comitatusque
943 559 1152 637 obtinebant,
1175 563 1365 644 magisteria

318 677 476 748 potestate
492 665 702 746 augebantur,
723 663 925 728 consulatum
942 661 1146 744 occupabant
1158 679 1181 739 ¹,
1202 663 1282 727 nibil
1297 665 1359 729 de-

239 801 245 811 ·
319 767 417 848 nique
433 767 555 830 civibus
571 776 688 848 praeter
704 765 875 846 imperium
899 763 1130 846 relinquebant.
1157 765 1222 829 Nec
1240 763 1281 845 ab
1298 783 1365 829 eo-

320 886 391 932 rum
406 869 540 932 andacia
555 877 660 932 tntum
677 867 737 930 luit
752 867 829 930 illud
844 885 1005 930 summum
1021 867 1173 932 Romanae
1190 867 1367 948 potestatis·

321 970 500 1050 fastigium3
518 985 686 1051 suscepere
702 967 835 1034 Barbari
852 967 1021 1049 imperium
1038 967 1308 1044 transferendum,
1327 979 1361 1032 et

321 1070 552 1135 transtulerunt
563 1075 584 1134 ².

366 1171 449 1248 Sed,
465 1189 563 1253 quum
581 1171 682 1252 magis
698 1189 735 1234 ac
753 1169 852 1250 magis
869 1169 954 1250 apud
969 1168 1134 1251 Principes
1149 1169 1252 1252 gratia
1270 1169 1358 1232 valc-

322 1283 411 1348 rent,
439 1283 563 1336 terrore
579 1271 718 1354 perculsi
741 1269 886 1352 plerique
902 1271 1123 1336 Rornanorum
1144 1270 1184 1334 de
1206 1269 1355 1352 prodito,

322 1384 354 1436 et
370 1373 619 1454 alienigenarum
635 1373 724 1454 qnasi
740 1371 848 1452 praeda
864 1372 948 1434 iacto
965 1371 1105 1452 imperio
1123 1371 1350 1452 querebantur.

322 1473 470 1552 Quorum
492 1475 679 1554 opinionem
701 1471 820 1546 secuti,
844 1468 1011 1550 Vegetius,
1032 1468 1241 1547 Ammianus,
1264 1469 1358 1536 Zosi—

321 1592 478 1658 musque,
498 1583 531 1639 et
548 1575 689 1637 incertus
705 1581 818 1636 auctor
834 1569 932 1634 libelli
956 1569 1122 1653 eujusdam
1138 1573 1281 1638 derebus
1297 1573 1362 1638 del--

323 1678 390 1741 licis
400 1686 433 1738 et
447 1685 542 1757 poeta
558 1675 768 1749 Claudianus,
786 1689 841 1736 seu
852 1672 1002 1752 graviter,
1017 1689 1074 1735 seu
1090 1671 1259 1749 invidiose,
1275 1672 1364 1736 hane·

322 1777 434 1856 agendi
456 1777 615 1840 rationem
637 1776 910 1856 vituperaverunt.
929 1773 1061 1839 «Vilius
1081 1774 1167 1838 enim
1182 1785 1308 1838 constat
1323 1801 1356 1849 s,

322 1873 430 1939 aiebat
445 1874 613 1957 vegetius,
634 1902 646 1932 ι
667 1874 797 1939 erudire
815 1873 911 1936 armis
926 1891 1002 1939 suos
1018 1893 1114 1957 quam
1133 1874 1255 1940 alienos
1269 1893 1358 1938 mer-

323 2005 334 2035 ·
354 1976 432 2040 cede
454 1976 636 2040 conducere
648 1979 669 2040 ³.
688 2003 699 2034 ι
721 1974 903 2039 Christiana
921 1993 1051 2058 quoque
1074 1977 1152 2040 tides
1169 1976 1262 2058 bujus
1280 1975 1352 2037 mali

323 2095 417 2141 causa
434 2095 503 2142 esse
518 2076 723 2158 arguebatur,
742 2093 802 2139 nee
817 2076 917 2157 magis
934 2074 1184 2154 Constantinus,
1203 2073 1354 2140 Theodo-

323 2179 464 2259 siusque,
478 2177 649 2243 Christiani
662 2177 771 2252 ambo,
783 2186 819 2241 nt
835 2187 1007 2242 novatores
1017 2179 1259 2258 turbatoresque
1269 2171 1352 2254 pris-

324 2295 434 2340 carum
445 2278 548 2358 legum
563 2289 595 2341 et
610 2279 708 2341 moris
720 2278 864 2359 antiqui,
879 2277 1119 2356 incusabantur,
1137 2278 1224 2360 quod
1235 2273 1356 2358 patrios

321 2367 400 2442 deos
416 2377 652 2456 deseruissent,
669 2395 765 2461 quam
782 2377 870 2460 quod
884 2379 1044 2446 Barbaros
1059 2377 1233 2444 bononbus
1250 2374 1354 2438 auxis-

321 2477 424 2544 sentl.
446 2479 529 2544 Hine
544 2480 639 2544 etiam
655 2479 829 2544 seditiones
841 2489 873 2544 et
884 2483 1107 2563 usurpationes
1123 2485 1244 2544 coortae
1254 2484 1352 2539 sunt:

322 2579 495 2645 Gratianus
518 2581 603 2644 enim
627 2599 727 2662 regno
743 2591 775 2644 et
792 2581 908 2645 deinde
930 2583 993 2646 vita
1015 2582 1168 2663 spoliatus
1183 2589 1251 2654 est,
1269 2575 1356 2658 quod

322 2681 442 2748 Alanos
459 2681 639 2763 transfugas
654 2681 844 2763 largioribus
858 2681 1305 2750 muneribnscohonestasset,
1324 2686 1357 2739 et

321 2783 466 2849 Pontifex
489 2783 645 2847 maximus
668 2784 821 2866 appellari
845 2786 1000 2850 noluisset
1010 2779 1031 2848 ⁵.
1062 2782 1133 2848 Non
1152 2777 1261 2843 multis
1281 2785 1356 2840 ante
1454 2813 1457 2818 ,

321 2885 427 2960 annis,
445 2883 604 2961 Julianus,
622 2886 677 2966 qui
689 2886 761 2949 lidei
778 2885 959 2950 christianae
975 2886 1133 2962 desertor,
1154 2877 1356 2946 Constantini

323 2985 510 3048 memoriam
524 2983 720 3066 exagitabat,
734 2987 820 3069 quod
834 2985 986 3052 Barbarie
998 2984 1227 3066 amplissimum
1240 2996 1356 3044 consu·

322 3087 404 3150 latus
421 3085 577 3150 detulerat
594 3087 750 3152 honorem
760 3085 786 3166 ⁶,
804 3075 926 3170 patrios
941 3088 1020 3154 deos
1037 3096 1068 3151 et
1084 3082 1178 3149 simul
1195 3100 1259 3146 una
1276 3079 1357 3143 civi-

322 3186 369 3251 les
392 3188 552 3252 exercitus
568 3189 599 3251 in
617 3190 788 3271 pristinum
806 3191 906 3255 decus
923 3208 957 3253 se
973 3190 1178 3254 redacturum
1197 3182 1357 3266 pollicitus

323 3298 401 3352 erat
421 3287 484 3354 Sed
495 3289 563 3370 ipse
573 3289 721 3355 Julianus
735 3291 905 3366 Nevittam,
919 3290 1116 3354 Germanum
1128 3286 1304 3358 bominem,
1317 3281 1357 3344 ad

323 3387 525 3455 consulatum
541 3391 724 3473 promovit⁷
742 3402 773 3457 et
785 3390 963 3457 Saracenos
979 3389 1020 3454 nd
1039 3385 1259 3452 commilitium
1275 3383 1358 3448 acei-

358 3567 367 3599 ¹
382 3566 517 3622 Ammian.
531 3567 628 3622 Zosim.
643 3581 716 3638 pass

359 3647 477 3705 ’zosim
492 3648 539 3704 lib.
554 3649 600 3716 tv,
615 3649 649 3704 ds
669 3663 734 3705 neca
746 3649 876 3708 Gratiani.

359 3729 477 3803 ³Veget.
491 3730 538 3786 lib.
552 3735 576 3800 1,
589 3746 650 3802 cap.
665 3731 712 3785 ult.

358 3813 516 3870 *Ammiau
531 3814 579 3870 lib.
593 3815 671 3881 XXl,
686 3815 723 3880 X,
736 3815 762 3870 8.

361 3897 482 3952 lzosim.
496 3897 543 3952 lib.
558 3897 603 3952 lV.

360 3979 519 4036 “Ammian.
534 3979 580 4034 lib.
596 3980 672 4046 XXt,
685 3981 721 4045 X,
739 3983 766 4036 8.

359 4063 422 4118 ⁷ld.
438 4062 475 4116 ib.
614 4083 616 4088 ¹
