3182 4978
646 458 823 518 ...55-

213 602 258 664 vit
270 613 292 678 ¹,
305 600 396 681 quasi
409 615 500 662 sunm
509 595 551 659 de
564 594 774 660 Constantino
780 595 941 676 judicium
954 595 1107 673 refutare,
1122 607 1153 662 et
1166 599 1248 681 sein

214 720 304 777 sum,
321 718 416 782 qnam
433 698 557 762 auxiliis
568 697 785 762 Barbarorum
797 697 954 780 indigeret
970 697 1176 780 Respublica,
1190 701 1247 765 do·

211 813 398 866 cumeorum
416 801 483 864 lieri
500 800 662 863 voluisset.

260 903 386 968 Mortuo
398 911 503 967 antem
519 901 721 977 Theodosio,
736 917 831 982 quern
847 900 1029 965 dornandes
1045 928 1057 961 1
1073 911 1247 968 amatorem

222 1005 335 1086 »pacis
358 1004 547 1086 generisque
569 1002 747 1068 Gothorum
768 1029 781 1061 1
806 1003 945 1085 appellat
958 1019 981 1080 ²,
998 1023 1097 1086 quum
1122 1005 1190 1069 lere
1215 1005 1247 1068 in

211 1105 365 1171 omnibus
376 1105 551 1170 Provinciis
561 1104 693 1170 Barbari
705 1104 901 1180 insiderent,
913 1104 1103 1169 etornnibus
1116 1105 1246 1189 Imperii

215 1205 409 1271 exercitibus
418 1216 568 1288 praeesset
577 1205 730 1282 Stilicho,
744 1205 1045 1271 bomuWandalicae
1055 1208 1157 1288 gentis
1169 1255 1178 1288 ,
1191 1207 1248 1292 Sy-

214 1307 344 1383 -nesius,
357 1306 586 1388 Cyrenensium
603 1306 745 1390 legatus,
761 1307 931 1370 Arcadium
942 1308 974 1369 in
986 1309 1249 1390 praestantissima

218 1407 257 1470 de
275 1426 374 1489 regno
391 1409 536 1473 oratione
551 1409 677 1473 tnonuit
702 1418 736 1473 ut
759 1407 929 1472 auxiliares
943 1409 1135 1474 Barbarosa
1151 1410 1249 1492 legio-

217 1508 312 1571 nibus
326 1519 358 1572 et
371 1509 543 1590 Republica
560 1502 747 1574 removeret.
770 1509 908 1574 «Pastor
925 1541 937 1565 υ
957 1511 1042 1574 eninr
1059 1511 1131 1598 (sic,
1142 1523 1247 1580 antem
1273 1577 1275 1586 ,

216 1607 344 1672 fortiter
359 1619 391 1673 et
400 1610 541 1673 animose
556 1611 698 1692 loquitur
710 1609 872 1691 cyreneus
887 1614 1015 1698 orator)
1036 1640 1048 1672 a
1068 1632 1131 1677 non
1155 1613 1250 1679 debet

222 1709 384 1784 »canibus
407 1709 501 1791 lupos
516 1710 669 1786 miscere,
693 1727 753 1774 nec
777 1709 937 1792 legislator
959 1729 1049 1775 arma
1072 1713 1134 1776 illis
1150 1713 1247 1791 dare,

218 1834 235 1866 1
251 1810 379 1892 quinon
395 1811 460 1876 nati
478 1821 510 1875 et
524 1811 655 1876 enutriti
673 1811 795 1875 suntin
811 1810 934 1893 legibus
948 1809 1055 1893 ejus...
1076 1831 1248 1898 suspensus

218 1936 230 1966 1
251 1909 429 1974 cstscilieet
444 1913 476 1973 in
491 1911 734 1993 Rempnblicanr
745 1913 933 1978 tenuissimo
948 1913 1004 1978 iilo
1013 1915 1134 1981 Tantali
1149 1917 1246 2000 lapis3

219 2032 235 2066 a
251 2019 282 2071 ct
294 2026 353 2072 nos
363 2011 597 2091 aggredientur,
616 2022 651 2076 ut
665 2011 805 2092 primum
819 2014 944 2096 incepta
955 2033 1109 2096 prospere
1120 2035 1248 2080 cessura

218 2133 234 2166 a
249 2109 505 2176 existimaverint.
532 2112 666 2177 Necesse
685 2123 732 2178 est
754 2114 848 2192 igitur
863 2115 978 2176 dimitti
998 2113 1195 2192 Gerrnanos,
1217 2127 1249 2179 et

220 2233 235 2266 1
251 2229 290 2272 ex
306 2213 389 2289 agris
405 2215 511 2275 vocari
528 2215 583 2291 qui
603 2229 663 2290 pro
676 2212 727 2272 eis
746 2210 924 2290 periculum
946 2212 1080 2291 adeant,
1105 2216 1248 2297 pbiloso-

219 2329 236 2364 -»
252 2307 397 2389 phosque
414 2327 453 2372 ex
469 2309 601 2386 scholis,
619 2309 749 2392 opifices
768 2329 806 2374 ex
830 2312 985 2391 cilicinis,
1008 2325 1040 2379 et
1056 2328 1250 2384 mercatores

221 2433 235 2466 »
252 2425 290 2471 ex
307 2407 446 2472 tabernis
457 2410 555 2474 exciri
566 2429 574 2473 s
587 2411 701 2492 istique
718 2412 858 2492 popolo,
871 2414 927 2492 qui
943 2415 1028 2476 velot
1037 2417 1123 2478 iners
1135 2421 1247 2496 lucus,

223 2509 358 2570 »sedem
376 2510 407 2569 io
424 2512 550 2572 theatro
565 2507 720 2584 collocat,
745 2509 879 2572 forsitan
898 2511 1123 2591 suadebimus,
1141 2527 1176 2579 ot
1191 2519 1250 2582 ab-

218 2605 342 2686 »J'ectis
359 2607 452 2688 nugis
472 2619 621 2674 strenuus
645 2609 719 2688 stat,
742 2619 914 2692 antequam
941 2613 982 2676 ad
1007 2615 1116 2681 lictum
1139 2637 1160 2683 a
1183 2622 1249 2686 risu

224 2733 236 2766 x
253 2719 394 2774 transeat
406 2708 426 2775 ³.
446 2737 459 2770 1

263 2808 325 2874 Sed
345 2815 519 2892 magnilicae
545 2814 606 2876 tltae
631 2831 726 2879 voces
749 2816 836 2877 inani
858 2818 963 2881 studio
989 2820 1247 2901 effundebantur,

218 2926 315 2988 quum
329 2956 339 2985 ,
352 2911 511 2974 exhaustis
523 2915 643 2976 viribus
657 2927 689 2980 et
703 2916 813 2980 fractis
829 2917 956 2995 animis,
971 2919 1050 2983 nibil
1066 2923 1097 2985 in
1108 2923 1248 3008 Imperio

217 3021 335 3090 pxaetcr
362 3021 510 3076 externos
536 3013 672 3076 validum
688 3027 780 3079 esset.
810 3017 872 3081 Res
887 3021 973 3084 enim
997 3023 1029 3084 in
1051 3043 1123 3089 enm
1141 3027 1247 3093 locum

213 3111 354 3174 adducta
365 3123 456 3189 erat,
481 3123 517 3178 nt
529 3114 649 3191 Roma,
674 3135 769 3197 quarn
786 3117 919 3182 Barbari
936 3122 1077 3204 tradique
1095 3131 1249 3208 aggrede-

217 3222 349 3288 rentur,
363 3231 451 3290 non,
468 3215 528 3278 nisi
542 3233 558 3277 a
570 3215 738 3293 barbaris,
755 3218 881 3284 defendi
898 3233 1025 3302 posset,
1042 3235 1073 3288 et
1088 3243 1201 3293 eorum
1215 3233 1246 3294 in

216 3312 350 3377 arbitrio
367 3315 500 3379 omnino
516 3325 598 3379 esset
618 3317 820 3397 puellulam
846 3340 921 3386 vero
944 3341 1010 3388 nun
1036 3325 1172 3408 singuli,
1193 3333 1248 3395 sed

218 3423 327 3488 gentes
343 3415 375 3474 in
391 3416 571 3494 provincias
588 3417 799 3497 ingruebant,
821 3433 852 3484 ct
871 3424 976 3486 invitis
994 3425 1041 3488 vel
1056 3445 1123 3491 non
1140 3430 1248 3496 invitis

213 3507 487 3590 imperatoribus,
502 3517 536 3577 in
552 3519 788 3596 possessiouem
806 3521 935 3602 imperii
952 3525 1143 3606 veniebant,
1162 3549 1247 3596 nunc

210 3609 374 3676 Romanas
385 3613 530 3696 regiones
542 3633 642 3698 usque
656 3619 696 3682 ad
709 3619 962 3688 internecionem
972 3637 1128 3694 vastantes
1140 3678 1147 3706 ,
1159 3649 1246 3697 nunc
1360 3679 1363 3690 ·

250 3905 260 3936 ¹·
277 3903 316 3958 xa.
331 3903 378 3960 tra.
390 3906 495 3963 xxxx.
510 3908 543 3975 v,
561 3912 586 3965 1.
673 3871 677 3880 ’

247 3988 262 4019 ·²
275 3985 403 4043 loooand.
418 3989 530 4048 delleb.
546 3991 606 4048 Get.
621 3995 665 4050 99.

246 4069 364 4140 ³Synes
380 4069 455 4126 Orat.
471 4074 505 4129 de
517 4075 619 4146 Regno,
631 4092 658 4146 p.
673 4078 703 4132 ll
720 4083 747 4132 et
758 4080 803 4135 ll.
