3182 4978
663 446 840 514 ...gg-

231 597 303 644 cum
319 576 440 659 Vegetii
456 575 609 658 opinione
626 575 793 651 convenit3
805 574 883 638 dicit
897 576 982 639 enim
994 575 1070 640 ille:
1089 573 1161 640 «Ex
1177 576 1261 657 agris

234 706 247 742 ι
263 677 476 760 supplendum
491 675 592 742 robor
603 677 763 758 praeaipne
778 675 904 740 videtur
915 677 1109 752 exercitum»
1122 688 1155 741 et
1168 693 1262 757 argu*

231 778 396 844 mentisab
407 790 474 842 arte
483 777 611 841 militari
623 777 727 842 ductis
739 778 941 859 propositum
954 779 1135 853 confirmat,
1151 795 1263 859 quam·

232 880 279 944 ris
292 897 356 943 non
372 879 572 942 infitiandum
589 878 747 942 existimet
762 905 775 939 u
793 890 867 961 post
882 877 996 944 urbem
1019 879 1181 944 conditam
1195 879 1263 944 Ro-

236 1007 249 1042 »
268 998 379 1044 manos
394 1001 433 1046 ex
449 981 575 1045 civitate
593 981 755 1062 profectos
769 995 896 1062 semper
905 982 946 1045 ad
960 980 1089 1046 bellum.
1113 980 1176 1045 Sed
1195 990 1263 1043 tum

235 1109 247 1142 i
264 1083 362 1148 nullis
373 1082 600 1166 voluptatibus,
615 1081 710 1146 nullis
722 1083 843 1148 deliciis
854 1083 1090 1164 frangebantur.
1106 1081 1263 1146 Sudorem

236 1201 363 1248 »cursu
388 1193 420 1246 et
440 1201 567 1265 campos
581 1179 775 1248 triexereitio
792 1183 960 1248 collectum
983 1185 1090 1249 nando
1111 1183 1264 1266 juventus

232 1310 244 1344 ι
265 1283 414 1348 abluebat
430 1285 463 1346 in
474 1284 590 1349 Tiberi.
607 1285 695 1349 Idem
711 1284 858 1360 bellator,
870 1285 953 1348 idem
970 1285 1130 1366 agricola,
1148 1299 1264 1364 genera

238 1393 390 1448 »tantum
408 1385 551 1450 mutabat
565 1403 728 1450 armorum
740 1381 760 1448 ¹.
782 1409 794 1443 ι

276 1484 318 1548 At
337 1489 436 1562 vero',
453 1487 596 1569 quamvis
618 1486 733 1551 urbani
759 1486 791 1548 in
812 1483 880 1565 lege
905 1501 970 1548 non
991 1485 1204 1566 appellentur,
1225 1481 1266 1547 ad

235 1602 343 1659 arma,
360 1587 386 1648 si
400 1597 512 1666 poscat
527 1587 719 1660 necessitas,
736 1585 897 1647 interdum
912 1585 1059 1665 compelli
1077 1585 1225 1648 ridentur
1240 1586 1261 1646 ¹.

235 1682 299 1748 Sed
315 1684 377 1747 boc
393 1701 459 1748 non
480 1693 601 1766 spectat
616 1685 657 1748 ad
672 1685 814 1749 tironum
830 1682 1042 1747 collationem.

277 1785 397 1850 Praeter
422 1783 505 1847 banc
532 1785 674 1850 delectus
699 1785 874 1861 rationem,
903 1784 1111 1867 supplebatur
1138 1801 1267 1866 quoque

234 1884 303 1948 aliis
318 1884 421 1949 modis
431 1885 593 1952 Romanus
608 1886 774 1950 exercitus.
791 1884 976 1950 Delectibus
992 1885 1113 1949 scilicet
1128 1881 1267 1950 obnoxia

235 1996 326 2049 erant
341 1987 465 2050 diversa
476 1986 642 2050 hominum
654 1993 818 2068 corpora³,
830 1987 914 2050 inter
926 2005 997 2068 quae
1013 1987 1152 2067 primum
1162 1985 1267 2048 locum

236 2085 423 2151 obtinebant
439 2085 496 2149 lilii
515 2083 760 2152 Veteranorum.
787 2083 888 2150 lussit
912 2085 998 2150 enim
1016 2084 1268 2157 Constantinus,

235 2187 307 2249 illos
322 2197 556 2267 programmate
575 2203 633 2264 per
654 2203 766 2247 omnes
781 2185 923 2248 civitates
938 2184 1106 2266 proposito
1126 2183 1167 2247 ad
1187 2183 1269 2247 alte-

237 2294 362 2346 rutrum
376 2283 543 2366 compelli,
558 2295 594 2348 ut
605 2294 660 2347 aut
671 2283 937 2349 Decurionalibus
949 2285 1136 2352 muneribus
1147 2283 1269 2350 obtem-

236 2393 406 2464 perarent,
436 2393 493 2450 aut
519 2383 690 2448 militarent
706 2385 726 2448 ⁸.
758 2385 916 2450 Praeterea
942 2388 1046 2448 sanxit
1071 2387 1270 2450 Theodosius

235 2487 368 2566 Magnus
383 2533 394 2562 ,
407 2497 444 2549 ot
466 2487 492 2548 si
517 2488 549 2546 in
566 2488 678 2548 eadem
692 2487 789 2548 domo
809 2486 875 2548 duo
895 2485 951 2546 filii
967 2497 1072 2549 essent
1093 2513 1103 2544 ι
1118 2487 1270 2549 castrensi

238 2584 336 2666 stirpe
351 2583 531 2664 progeniti,
549 2583 800 2661 »altermilitioe,
811 2584 892 2650 alter
905 2585 1003 2648 curiae
1020 2585 1236 2650 vindicaretur
1246 2584 1265 2650 ⁵.

238 2682 313 2748 Post
325 2693 548 2748 veteranorum
562 2683 698 2761 liberos,
717 2683 895 2766 legionibus
907 2695 963 2748 aut
974 2686 1099 2750 auxiliis
1110 2685 1270 2750 inserendi

239 2796 331 2850 erant
345 2785 523 2862 Laetoruru,
541 2784 715 2850 Gentilium
728 2795 760 2848 et
774 2785 1010 2848 limitaneorum
1026 2787 1161 2849 militum
1178 2787 1233 2848 tilii
1245 2791 1270 2860 ⁶,

226 2897 273 2961 „et
297 2885 413 2948 deinde
433 2885 577 2948 homines
593 2885 644 2948 isti
661 2902 742 2967 qnos
759 2903 855 2967 angos
870 2893 902 2948 et
924 2893 1069 2950 uocantes
1085 2897 1273 2965 nuncupant

118 3061 122 3066 ,
187 3069 188 3072 ¹
239 2985 392 3056 Romanae
408 2984 492 3066 leges
500 2998 520 3049 ⁷.
541 2984 632 3063 Quos
643 3001 755 3048 omnes
766 2985 935 3065 indagandi
952 3003 1029 3049 cura
1042 2987 1273 3052 Proiectoribus

240 3087 389 3150 mandata
401 3095 470 3150 erat
484 3092 504 3149 ⁸.
522 3084 570 3148 Illi
581 3095 686 3149 autem
700 3085 782 3149 inter
794 3084 930 3162 milites,
943 3105 1024 3168 quos
1038 3087 1273 3153 Prosenramos
1340 3083 1345 3092 “

236 3185 291 3267 jus
308 3197 417 3262 vocat,
442 3186 649 3266 eligebantur.
678 3185 797 3267 Nempe
820 3185 1003 3270 Principes,
1022 3186 1272 3252 detrectantibus

242 3296 274 3350 et
289 3286 532 3368 aspernantibus
555 3287 697 3353 militiam
711 3288 861 3353 omnibus
875 3290 930 3371 qui
947 3301 1156 3372 susceperant
1171 3290 1273 3355 ratio-

281 3499 289 3530 ¹
304 3497 363 3553 Lib.
377 3503 406 3567 1,
419 3515 480 3572 cap.
495 3505 521 3558 5.
545 3525 546 3528 ¹

279 3577 345 3634 ¹ld.
360 3579 398 3634 ib.

279 3660 368 3718 ³Cod.
381 3662 431 3742 Tb.
443 3662 490 3718 lib.
507 3663 566 3730 Vll,
581 3665 620 3720 tit.
634 3665 699 3719 XX.

279 3741 290 3774 ⁸
303 3739 345 3796 lb.
362 3740 543 3809 tit.XX11,1.
558 3744 586 3797 b.

282 3822 374 3878 ⁸1b.l.
390 3825 434 3878 ll.

279 3903 367 3960 teon.
380 3903 431 3962 Tb.
447 3904 503 3972 Vll,
518 3906 557 3961 tit.
573 3906 609 3973 X,
624 3905 658 3962 de
669 3906 819 3964 Veteranio.

280 3989 289 4020 ²
304 3983 372 4053 Vlll,
383 3987 423 4042 tit.
436 3987 489 4054 Xl,
504 3987 557 4058 leg.
570 3991 597 4044 5,

281 4071 291 4101 ⁸
309 4065 364 4136 vu,
377 4068 416 4124 tit.
431 4069 531 4137 XVlll,
546 4071 564 4124 l.
578 4072 596 4125 ll
610 4075 637 4127 et
651 4072 693 4126 l0.
