3182 4978
778 491 953 554 ...36-

320 625 422 696 ‘itanc
438 621 551 711 agendi
568 620 724 693 rationem
748 629 780 690 in
800 629 1000 693 orationihus
1016 646 1076 712 pro
1092 628 1214 705 Balbo,
1237 640 1269 694 et
1284 631 1375 696 Fon-

340 733 406 796 teio
422 730 538 800 habitis
549 731 583 792 in
599 729 703 794 iucem
717 731 841 812 profert
855 727 987 806 Cicero,
1002 747 1067 795 non
1081 732 1174 795 tectis
1185 730 1304 808 verbis,
1316 734 1372 797 sed

310 863 314 870 ·
340 843 450 914 aperte
465 843 497 896 ot
512 831 659 906 fidenter,
684 841 719 894 nt
734 841 810 912 pote
826 849 899 912 qnae
918 830 997 894 nihil
1017 829 1227 896 dubitationis
1242 832 1367 897 habeat.

339 932 463 1024 Exquo
475 931 571 997 tiebat
581 942 616 995 ut
625 931 809 996 Provincias
821 931 1044 1012 stipendiarias
1055 931 1190 997 Romani
1204 944 1371 1011 vocarent3

342 1033 375 1096 in
390 1033 539 1115 stipendii
554 1043 660 1096 autern
673 1031 805 1096 nomine
820 1049 886 1096 non
893 1032 1126 1095 <tantummodo
1140 1032 1294 1113 vectigal,
1311 1051 1374 1096 an-

318 1205 321 1212 ⁴
343 1151 483 1210 nonam,
496 1142 713 1208 commeatus,
726 1149 840 1216 equos,
857 1133 974 1208 mulos,
989 1132 1157 1196 militarem
1167 1142 1301 1210 uestem,
1316 1135 1372 1198 sed

339 1236 565 1300 etiamtirones
577 1229 898 1315 complectebantur¹.
916 1232 997 1311 Quae
1008 1233 1189 1297 omnianno
1200 1233 1297 1298 verbo
1309 1235 1371 1316 sig·

339 1335 513 1400 nificahrnt
527 1335 680 1398 dedititiis
691 1336 885 1417 imperari·²;
904 1351 964 1398 nec
975 1352 1074 1416 quum
1087 1334 1128 1397 de
1140 1334 1189 1396 iris
1201 1334 1372 1416 loqueren-

337 1450 408 1514 tur,
424 1436 616 1519 quibuscum
636 1435 788 1500 societate
804 1434 1005 1516 amicitiaque
1019 1434 1123 1515 juncti
1141 1445 1264 1510 essent,
1281 1436 1370 1500 verbi

336 1539 539 1621 asperitatem
555 1535 742 1618 mitigabant
753 1537 777 1611 ³,
803 1551 877 1596 nam
896 1535 1031 1601 Romani
1057 1535 1117 1599 suh
1132 1537 1292 1600 societatis
1308 1553 1372 1602 no-

337 1640 424 1704 mine
440 1650 472 1704 et
490 1637 603 1702 umbra
619 1636 747 1700 ioederis
764 1652 829 1699 non
845 1635 1057 1717 aeqnationem
1069 1635 1168 1718 juris·
1178 1635 1370 1703 libertatem·

336 1747 401 1821 q'ue
411 1739 523 1804 amicis
537 1737 665 1821 populis
676 1735 883 1813 tribuebant,
903 1737 960 1801 sed
971 1737 1056 1818 leges
1068 1747 1101 1801 et
1112 1737 1293 1802 servitutem
1306 1739 1370 1802 im-

336 1839 511 1921 ponebant
540 1837 637 1920 Atqui
665 1837 776 1900 eadem
803 1836 930 1901 ratione
955 1855 993 1900 ac
1017 1837 1201 1919 provincias
1226 1849 1366 1916 senatus,

336 1955 432 2004 omne
454 1938 622 2020 imperium
644 1935 755 2000 habuit
777 1936 1014 2015 Diocletianus,
1039 1949 1074 2002 ct
1096 1939 1235 2021 exceptis
1259 1939 1368 2008 Romae

336 2039 473 2114 incolis,
495 2039 571 2121 qui,
594 2038 637 2102 ob
653 2048 782 2101 aeternae
802 2038 938 2103 civitatis
960 2039 1211 2120 magnitudinem
1228 2051 1260 2105 et
1274 2052 1368 2106 tante
1474 2061 1479 2066 ·

335 2141 439 2206 laudis
450 2139 655 2215 memoriam,
672 2137 835 2204 atribu'tis
847 2139 1005 2204 immunes
1016 2150 1108 2204 erant
1119 2141 1144 2217 ⁸,
1164 2141 1359 2223 Imperatori,

325 2231 368 2304 'in
382 2259 477 2323 quern
493 2241 603 2322 popuii
614 2251 754 2322 potestas
761 2241 859 2322 Regia
875 2238 944 2322 lege
960 2253 1176 2320 concesserat,
1187 2243 1277 2308 cives
1292 2259 1362 2308 orn-

335 2359 393 2405 nes
418 2341 581 2422 vectigalia
602 2358 818 2422 perpensnros
839 2359 908 2405 esse
933 2343 1033 2407 duxit.
1056 2342 1130 2424 Quo
1148 2345 1227 2408 nihii
1246 2344 1365 2422 justins

335 2442 611 2525 erat,quoniam,
628 2441 760 2507 sublatis
774 2453 807 2508 et
821 2442 992 2525 antiquatis
1001 2445 1178 2523 ,ioederibus
1192 2441 1364 2514 veteribus,

334 2562 447 2608 omnes
474 2543 657 2625 provincias
681 2544 714 2606 in
740 2562 863 2609 summa
881 2544 965 2626 juris
991 2557 1024 2612 et
1048 2544 1166 2610 servitii
1189 2541 1367 2624 aequalitate

337 2643 504 2724 Principes
519 2653 702 2722 posuerant.
725 2642 813 2702 ltalia
834 2644 933 2716 enirn,
953 2663 1025 2722 quae
1039 2646 1196 2709 beliorum
1209 2644 1368 2725 particeps
1409 2715 1411 2719 ⁸

334 2756 366 2808 et
377 2743 468 2826 qnasi
478 2741 614 2824 imperii
626 2755 760 2805 consors
773 2758 845 2806 cum
857 2737 1009 2805 Romanis
1024 2739 1148 2812 suerat,
1168 2742 1260 2801 sicuti
1274 2753 1369 2803 caete-

345 2841 567 2927 raeregiones,
587 2844 620 2910 in
637 2843 746 2924 figuris
762 2841 884 2905 notitia
899 2839 1090 2918 dignitatum
1105 2837 1284 2920 adjunctis,
1302 2838 1365 2903 sub

335 2947 471 3028 imagine
487 2945 630 3008 mulieris
645 2961 718 3004 vasa
735 2941 840 3003 aureis
855 2939 949 3019 piena
960 2939 1104 3020 gerentis
1120 2939 1301 3021 depingitur
1313 2945 1332 3003 ⁶.

376 3045 526 3111 Deiectus
541 3044 647 3124 itaque
666 3059 732 3106 non
755 3041 891 3122 amplius
914 3050 950 3102 ut
970 3038 1061 3102 civile
1080 3039 1238 3113 officium,
1255 3040 1311 3101 sed
1331 3053 1366 3102 ot

333 3145 464 3227 vectigai
481 3143 608 3208 habitus
624 3154 689 3219 est,
701 3152 737 3214 et
752 3158 850 3222 quum
866 3149 1011 3226 naturam
1027 3145 1198 3212 mutasset,
1213 3137 1258 3200 sic
1269 3138 1364 3201 etiarn

368 3395 376 3425 ⁴
391 3391 469 3462 Quod
481 3392 504 3448 si
516 3389 604 3455 nnis,
618 3389 640 3445 si
654 3386 760 3452 Sardis,
773 3386 795 3441 si
807 3383 948 3456 Hispanis,
962 3384 1035 3455 agris
1047 3381 1235 3454 stipendioque
1248 3380 1367 3436 mulcta-

333 3477 383 3544 tis,
396 3475 498 3532 virtuto
511 3471 623 3544 adipisci
636 3471 698 3526 iicet
717 3469 863 3524 civitatem.
876 3469 931 3524 Cic.
945 3482 994 3540 pro
1012 3463 1105 3533 Balbo,
1119 3467 1162 3521 iti.

369 3559 503 3627 ’Magnos
519 3556 655 3626 equitatus
664 3591 730 3620 ......
751 3565 863 3622 magnas
877 3551 1007 3622 pecunias
1023 3547 1057 3604 ad
1072 3562 1165 3604 eorum
1182 3547 1363 3618 stipendium,

332 3640 479 3732 maximum
491 3636 617 3692 frumenti
630 3634 967 3705 numerum..·.imperavit.
984 3632 1025 3689 id.
1044 3645 1093 3702 pro
1110 3631 1233 3698 Fonteio,
1247 3634 1281 3700 5;
1294 3631 1361 3687 Cres.

333 3721 561 3861 de⁸BAiilsiiieieii
571 3803 705 3874 imperare
715 3803 748 3858 iis
761 3815 877 3872 qnorum
888 3798 989 3855 auxilio
1003 3800 1123 3868 egerent.
1140 3794 1199 3850 Liv.
1215 3797 1274 3852 vii.
1288 3797 1332 3850 nt.

368 3889 379 3920 ¹¹
392 3886 420 3942 Si
434 3885 549 3942 societas
561 3885 677 3956 aequatio
686 3884 755 3954 juris
767 3890 817 3938 est.
830 3881 889 3936 Liv.
904 3880 976 3937 Viil.
990 3880 1017 3934 lt.

368 3969 458 4026 ⁸Cod,
472 3969 520 4024 tib.
535 3967 586 4035 XI,
602 3966 642 4023 tit.
656 3967 777 4022 xtvrrr.
793 3963 926 4021 valentin.
950 3963 1000 4028 ΙΙΙ,
1023 3963 1095 4016 inter
1113 3958 1218 4014 Novcli.
1235 3959 1365 4014 Theodo-

332 4071 377 4170 sn}
390 4054 455 4190 iiiii
465 4132 565 4202 Dignit.
581 4137 650 4204 imp.
665 4132 758 4188 Occid.
773 4131 873 4202 insign.
889 4131 920 4187 V.
941 4125 980 4182 ΙΙΙ.
995 4126 1038 4181 Pr.
1052 4126 1131 4182 Praet.
1148 4143 1195 4198 per
1209 4126 1307 4182 italias
