3182 4978
496 2117 542 2174 nn
558 2115 712 2174 nntnctn
730 2116 817 2174 rust
836 2115 1014 2176 AGTlACAll
1032 2116 1187 2174 PUGNAM.

368 2812 556 2896 Postquam,
575 2813 742 2878 interiecto
764 2811 925 2891 Antonio,
945 2833 1053 2879 rerum
1070 2815 1192 2896 potitus
1215 2825 1283 2891 est,
1301 2814 1358 2879 sub

326 2916 459 2998 Augusti
482 2917 633 2992 nomine,
656 2916 764 2980 Caesar
776 2916 991 2994 Octavianus,
1015 2919 1048 2980 in
1071 2917 1197 2983 delectu
1226 2918 1362 2982 militnm

327 3017 406 3082 nihil
416 3018 584 3082 immutare
594 3028 626 3081 et
637 3019 802 3101 antiquum
819 3037 941 3084 morem
954 3033 1081 3084 servare
1093 3020 1179 3082 visus
1195 3028 1251 3081 est.
1269 3015 1362 3081 Cives

327 3119 432 3194 enim,
450 3130 485 3183 ut
497 3119 574 3183 olim
582 3164 592 3196 ,
605 3120 646 3184 ad
656 3132 892 3184 sacramentum
908 3120 1131 3202 adigebantur,
1144 3118 1362 3184 evocabuntur

328 3219 488 3296 veterani,
520 3221 615 3284 sociis
645 3231 677 3284 et
708 3221 921 3302 stipendiariis
955 3221 1069 3286 milites
1100 3219 1361 3302 imperabantur3

326 3319 387 3383 alia
400 3338 451 3383 res
459 3319 554 3401 legio,
563 3320 623 3383 alia
629 3320 780 3384 auxilium
789 3330 866 3384 erat.
882 3319 1044 3398 Attamen,
1055 3320 1187 3386 retentis
1199 3317 1363 3382 veteribus

326 3418 489 3484 vocabulis
501 3429 533 3484 et
541 3419 706 3496 formulis,
719 3439 832 3503 magna
844 3421 928 3485 lucta
940 3431 1008 3486 erat
1019 3419 1227 3487 commutatio
1239 3437 1359 3484 rerum.

328 3520 487 3585 Nonnulla
503 3522 588 3584 enim
604 3523 636 3584 in
652 3539 688 3585 re
704 3522 832 3586 militari
849 3523 986 3586 instituit
1000 3519 1162 3604 Augustus
1178 3537 1251 3602 quae
1264 3519 1365 3583 lenio-

326 3620 416 3685 ribus
437 3621 602 3703 principiis
626 3623 823 3687 eversionem
849 3624 946 3706 prisci
970 3624 1112 3689 delectus
1135 3630 1361 3705 praetegerent.

327 3721 406 3786 Num
422 3739 584 3786 armorum
603 3733 635 3786 et
656 3723 702 3786 rei
718 3722 841 3788 hellicae
856 3744 948 3789 usum
966 3725 1053 3789 Italis
1069 3723 1206 3788 detraxit
1224 3739 1264 3783 ne
1282 3718 1365 3783 sedi-

326 3825 430 3889 tiones
456 3835 488 3889 et
512 3823 594 3888 bella
621 3824 817 3904 excitarent,
841 3837 873 3891 et
898 3827 1039 3908 legiones
1064 3825 1106 3888 ad
1132 3823 1212 3886 lines
1238 3819 1367 3902 imperii

326 3923 486 4006 protulit;
522 3924 699 4009 militesque
726 3945 853 4010 semper
876 3929 909 3990 in
940 3927 1037 3991 armis
1070 3922 1202 4001 habuit,
1229 3932 1261 3986 et
1292 3937 1364 3995 eos,

328 4036 362 4130 ut
386 4023 489 4089 verbis
528 4024 639 4090 Dionis
669 4026 768 4095 Cassii
798 4039 891 4106 utar,
920 4028 1010 4109 quasi
1043 4028 1242 4098 immortates
1273 4021 1360 4088 aluit.
